827218,Woolworths Tuna Sweet Chilli 95g,$1.10 ,$11.58 / 1KG,/shop/productdetails/827218/woolworths-tuna-sweet-chilli
193458,Woolworths Burrito Tortillas 15 Pack,$4.50 ,$0.65 / 100G,/shop/productdetails/193458/woolworths-burrito-tortillas
19736,John West Tuna In Springwater 425g,$5.50 ,$12.94 / 1KG,/shop/productdetails/19736/john-west-tuna-in-springwater
236393,Woolworths Diced Italian Tomatoes 800g,$2.00 ,$0.25 / 100G,/shop/productdetails/236393/woolworths-diced-italian-tomatoes
43973,San Remo Thin Spaghetti No. 4 500g,$2.30 ,$0.46 / 100G,/shop/productdetails/43973/san-remo-thin-spaghetti-no-4
827213,Woolworths Tuna Mayonnaise & Corn 95g,$1.10 ,$11.58 / 1KG,/shop/productdetails/827213/woolworths-tuna-mayonnaise-corn
33156,Csr White Sugar 1kg,$2.20 ,$0.22 / 100G,/shop/productdetails/33156/csr-white-sugar
700642,Macro Organic Tomatoes Diced No Added Salt 400g,$1.80 ,$4.50 / 1KG,/shop/productdetails/700642/macro-organic-tomatoes-diced-no-added-salt
53866,Fountain Soy Sauce 250ml,$3.00 ,$1.20 / 100ML,/shop/productdetails/53866/fountain-soy-sauce
83763,Barilla Pasta Spaghetti 500g,$3.50 ,$0.70 / 100G,/shop/productdetails/83763/barilla-pasta-spaghetti-pasta-no-5
707367,Woolworths Thyme Fresh Herb 10g Punnet,$3.20 ,$3.20 / 10G,/shop/productdetails/707367/woolworths-thyme-fresh-herb
44571,Essentials Pasta Spaghetti 500g,$0.90 ,$0.18 / 100G,/shop/productdetails/44571/essentials-pasta-spaghetti
310254,Woolworths Vegetable Liquid Stock 1l,$1.90 ,$0.19 / 100ML,/shop/productdetails/310254/woolworths-vegetable-liquid-stock
83235,Deep Cove Sardines In Springwater 125g,$0.85 ,$6.80 / 1KG,/shop/productdetails/83235/deep-cove-sardines-in-springwater
18169,Essentials Raw Sugar 1kg,$1.80 ,$0.18 / 100G,/shop/productdetails/18169/essentials-raw-sugar
726360,Woolworths Walnuts Californian 450g,$9.00 ,$20.00 / 1KG,/shop/productdetails/726360/woolworths-walnuts-californian
311488,Essentials Diced Tomatoes 400g,$0.97 ,$0.24 / 100G,/shop/productdetails/311488/essentials-diced-tomatoes
708381,Safcol Responsibly Fished Tuna In Spring Water 425g,$4.65 ,$10.94 / 1KG,/shop/productdetails/708381/safcol-responsibly-fished-tuna-in-spring-water
38610,Sirena Tuna In Oil Italian Style 185g,$4.70 ,$25.41 / 1KG,/shop/productdetails/38610/sirena-tuna-in-oil-italian-style
37774,Holbrooks Sauce Worcestershire 500ml,$5.50 ,$1.10 / 100ML,/shop/productdetails/37774/holbrooks-sauce-worcestershire
198763,Lee Kum Kee Soy Sauce Premium 500ml,$3.70 ,$0.74 / 100ML,/shop/productdetails/198763/lee-kum-kee-soy-sauce-premium
85488,Sirena Tuna In Chilli Oil 95g,$2.95 ,$31.05 / 1KG,/shop/productdetails/85488/sirena-tuna-in-chilli-oil
178887,Essentials Tuna Chunks In Spring Water 185g,$1.80 ,$9.73 / 1KG,/shop/productdetails/178887/essentials-tuna-chunks-in-spring-water
887995,Woolworths Sea Salt Grinder 110g,$3.50 ,$0.32 / 10G,/shop/productdetails/887995/woolworths-sea-salt-grinder
83563,Heinz Ketchup Tomato Sauce 500ml,$4.00 ,$0.80 / 100ML,/shop/productdetails/83563/heinz-ketchup-tomato-sauce-ketchup
748595,Woolworths Uht Full Cream Milk 1l,$1.60 ,$1.60 / 1L,/shop/productdetails/748595/woolworths-uht-full-cream-milk
144821,Sirena Tuna In Springwater 95g,$2.95 ,$31.05 / 1KG,/shop/productdetails/144821/sirena-tuna-in-springwater
37250,Greenseas Tuna Chunks In Springwater 95g,$2.60 ,$27.37 / 1KG,/shop/productdetails/37250/greenseas-tuna-chunks-in-springwater-chunk-in-spring-water
281263,Vegemite Spread 150g,$3.80 ,$2.53 / 100G,/shop/productdetails/281263/vegemite-spread
726359,Woolworths Walnuts Californian 190g,$4.37 ,$23.00 / 1KG,/shop/productdetails/726359/woolworths-walnuts-californian
34331,Heinz Big Red Condensed Tomato Soup 420g,$2.00 ,$0.48 / 100G,/shop/productdetails/34331/heinz-big-red-condensed-tomato-soup-big-red-tomato
91981,Sirena Tuna In Oil Italian Style 425g,$6.50 ,$15.29 / 1KG,/shop/productdetails/91981/sirena-tuna-in-oil-italian-style
86,Pearl River Bridge Soy Sauce Superior Light 500ml,$2.80 ,$0.56 / 100ML,/shop/productdetails/86/pearl-river-bridge-soy-sauce-superior-light
230392,Ardmona Crushed Vine Ripened Tomatoes 400g,$1.80 ,$4.39 / 1KG,/shop/productdetails/230392/ardmona-crushed-vine-ripened-tomatoes
344550,Mutti Finely Chopped Tomatoes 400g,$2.30 ,$5.75 / 1KG,/shop/productdetails/344550/mutti-finely-chopped-tomatoes
726367,Woolworths Sultanas 375g,$3.00 ,$8.00 / 1KG,/shop/productdetails/726367/woolworths-sultanas
21568,Greenseas Tuna In Extra Virgin Olive Oil Blend 95g,$2.60 ,$27.37 / 1KG,/shop/productdetails/21568/greenseas-tuna-in-extra-virgin-olive-oil-blend
827217,Woolworths Tuna Tomato And Onion 95g,$1.10 ,$11.58 / 1KG,/shop/productdetails/827217/woolworths-tuna-tomato-and-onion
73716,Woolworths Double Strength White Vinegar 2l,$2.50 ,$0.13 / 100ML,/shop/productdetails/73716/woolworths-double-strength-white-vinegar
812783,Arnott's Shapes Vegemite & Cheese Cracker Biscuits 165g,$1.75 ,$1.06 / 100G,/shop/productdetails/812783/arnott-s-shapes-vegemite-cheese-cracker-biscuits
34287,Campbell's Condensed Soup Tomato 420g,$2.20 ,$0.52 / 100G,/shop/productdetails/34287/campbell-s-condensed-soup-tomato
514489,Old El Paso Taco Shells Shell 12 Pack,$4.50 ,$2.88 / 100G,/shop/productdetails/514489/old-el-paso-taco-shells-shell
41444,Campbell's Real Stock Vegetable Liquid Stock 500ml,$2.75 ,$0.55 / 100ML,/shop/productdetails/41444/campbell-s-real-stock-vegetable-liquid-stock
671173,Woolworths Taco Sauce Mild 240g,$3.15 ,$1.31 / 100G,/shop/productdetails/671173/woolworths-taco-sauce-mild
65083,Old El Paso Reduced Salt Taco Spice Mix Taco Spice Mix 30g,$2.40 ,$8.00 / 100G,/shop/productdetails/65083/old-el-paso-reduced-salt-taco-spice-mix-taco-spice-mix
218918,Woolworths Italian Peeled Tomatoes 400g,$1.10 ,$2.75 / 1KG,/shop/productdetails/218918/woolworths-italian-peeled-tomatoes
43974,San Remo Spaghetti Pasta No 5 500g,$2.30 ,$0.46 / 100G,/shop/productdetails/43974/san-remo-spaghetti-pasta-no-5
184917,Lowan Yeast Dried Instant 280g,$4.80 ,$1.71 / 100G,/shop/productdetails/184917/lowan-yeast-dried-instant
319428,Sanitarium Weet-bix Bites Wild Berry Breakfast Cereal 500g,$4.50 ,$0.90 / 100G,/shop/productdetails/319428/sanitarium-weet-bix-bites-wild-berry-breakfast-cereal
661325,Sunbeam Australian Sultanas 1kg,$9.00 ,$9.00 / 1KG,/shop/productdetails/661325/sunbeam-australian-sultanas
813764,Sea Friend Roasted Seaweed 8 Pack,$5.00 ,$12.50 / 100G,/shop/productdetails/813764/sea-friend-roasted-seaweed
57070,John West Tempters Tuna Onion & Tomato Savoury Sauce 95g,$1.35 ,$14.21 / 1KG,/shop/productdetails/57070/john-west-tempters-tuna-onion-tomato-savoury-sauce
827211,Woolworths Lemon And Pepper Tuna 95g,$1.10 ,$11.58 / 1KG,/shop/productdetails/827211/woolworths-lemon-and-pepper-tuna
757858,Fountain Tomato Sauce Reduced Sugar 500ml,$2.00 ,$0.40 / 100ML,/shop/productdetails/757858/fountain-tomato-sauce-reduced-sugar-reduced-sugar
228154,Old El Paso Stand 'n Stuff Taco Kit Mexican Style 295g,$9.50 ,$3.22 / 100G,/shop/productdetails/228154/old-el-paso-stand-n-stuff-taco-kit-mexican-style
693763,Woolworths Salmon In Springwater 95g,$1.40 ,$14.74 / 1KG,/shop/productdetails/693763/woolworths-salmon-in-springwater
47681,Woolworths Spaghetti In Tomato Sauce 420g,$0.65 ,$0.15 / 100G,/shop/productdetails/47681/woolworths-spaghetti-in-tomato-sauce
36882,Kikkoman Soy Sauce 150ml,$4.70 ,$3.13 / 100ML,/shop/productdetails/36882/kikkoman-soy-sauce
83237,Deep Cove Sardines In Oil 125g,$0.85 ,$6.80 / 1KG,/shop/productdetails/83237/deep-cove-sardines-in-oil
306969,Fountain Tomato Sauce 500ml,$2.00 ,$0.40 / 100ML,/shop/productdetails/306969/fountain-tomato-sauce-squeeze
33021,Sanitarium Weet-bix Breakfast Cereal 375g,$3.50 ,$0.93 / 100G,/shop/productdetails/33021/sanitarium-weet-bix-breakfast-cereal
172638,Campbell's Real Stock Vegetable Salt Reduced Liquid Stock 1l,$2.25 ,$0.23 / 100ML,/shop/productdetails/172638/campbell-s-real-stock-vegetable-salt-reduced-liquid-stock
39731,Sunbeam Australian Sultanas 375g,$4.50 ,$12.00 / 1KG,/shop/productdetails/39731/sunbeam-australian-sultanas
476702,Woolworths Tuna Chilli 95g,$1.10 ,$11.58 / 1KG,/shop/productdetails/476702/woolworths-tuna-chilli
18174,Essentials Raw Sugar 2kg,$3.20 ,$0.16 / 100G,/shop/productdetails/18174/essentials-raw-sugar
204373,Essentials Iodised Table Salt Drum 500g,$1.50 ,$0.03 / 10G,/shop/productdetails/204373/essentials-iodised-table-salt-drum
4897,Essentials Raw Sugar 3kg,$4.50 ,$0.15 / 100G,/shop/productdetails/4897/essentials-raw-sugar
476704,Woolworths Tuna Tomato & Basil 95g,$1.10 ,$11.58 / 1KG,/shop/productdetails/476704/woolworths-tuna-tomato-basil
629506,Heinz Spaghetti Tomato & Cheese Pasta Tin Spaghetti Multipack 300g X3 Pack,$5.40 ,$0.60 / 100G,/shop/productdetails/629506/heinz-spaghetti-tomato-cheese-pasta-tin-spaghetti-multipack
707370,Woolworths Rosemary Fresh Herb 10g Punnet,$3.20 ,$3.20 / 10G,/shop/productdetails/707370/woolworths-rosemary-fresh-herb
249574,Massel Gourmet Liquid Stock Vegetable 1l,$4.00 ,$0.40 / 100ML,/shop/productdetails/249574/massel-gourmet-liquid-stock-vegetable
730998,Pauls Zymil Lactose Free Full Cream Long Life Milk 1l,$3.00 ,$3.00 / 1L,/shop/productdetails/730998/pauls-zymil-lactose-free-full-cream-long-life-milk
187769,Spc Spaghetti Rich Tomato 420g,$1.70 ,$0.40 / 100G,/shop/productdetails/187769/spc-spaghetti-rich-tomato-rich-tomato-sauce
32766,Masterfoods Traditional Tartare Sauce 220g,$3.50 ,$1.59 / 100G,/shop/productdetails/32766/masterfoods-traditional-tartare-sauce
210693,Old El Paso Jumbo Taco Kit Mexican Style Taco Kit 345g,$9.50 ,$2.75 / 100G,/shop/productdetails/210693/old-el-paso-jumbo-taco-kit-mexican-style-taco-kit
67866,Old El Paso Fajita Tortillas 10 Pack,$4.50 ,$1.13 / 100G,/shop/productdetails/67866/old-el-paso-fajita-tortillas
103725,Kikkoman Soy Sauce Soy 600ml,$7.50 ,$1.25 / 100ML,/shop/productdetails/103725/kikkoman-soy-sauce-soy
608712,Masterfoods Reduced Salt & Sugar Tomato Sauce 475ml,$2.50 ,$0.53 / 100ML,/shop/productdetails/608712/masterfoods-reduced-salt-sugar-tomato-sauce
229400,Obento Japanese Rice Wine Vinegar 250ml,$2.60 ,$1.04 / 100ML,/shop/productdetails/229400/obento-japanese-rice-wine-vinegar
39156,Tandaco Dry Yeast 12x7g Sachets 84g,$5.50 ,$6.55 / 100G,/shop/productdetails/39156/tandaco-dry-yeast-12x7g-sachets
251228,Woolworths Thyme Leaves 12g,$1.65 ,$1.38 / 10G,/shop/productdetails/251228/woolworths-thyme-leaves
230475,Woolworths Worcestershire Sauce 250ml,N/A,N/A,/shop/productdetails/230475/woolworths-worcestershire-sauce
88215,Barilla Pasta Risoni 500g,N/A,N/A,/shop/productdetails/88215/barilla-pasta-risoni-no-26
33246,Saxa Table Salt Drum 750g,$4.50 ,$0.06 / 10G,/shop/productdetails/33246/saxa-table-salt-drum-plain
517500,Annalisa Diced Tomatoes 800g,$2.70 ,$3.38 / 1KG,/shop/productdetails/517500/annalisa-diced-tomatoes
748597,Woolworths Uht Skim Milk 1l,$1.60 ,$1.60 / 1L,/shop/productdetails/748597/woolworths-uht-skim-milk
72618,Twinings English Breakfast Tea Bags 100 Pack,$13.50 ,$0.14 / 1EA,/shop/productdetails/72618/twinings-english-breakfast-tea-bags-tea-bags
85719,Greenseas Tuna Sweet Chilli 95g,$2.60 ,$27.37 / 1KG,/shop/productdetails/85719/greenseas-tuna-sweet-chilli-sweet-chilli
93442,Old El Paso Taco Sauce Mild Taco Sauce 200g,$4.00 ,$2.00 / 100G,/shop/productdetails/93442/old-el-paso-taco-sauce-mild-taco-sauce
335936,Csr White Sugar 500g,$1.95 ,$0.39 / 100G,/shop/productdetails/335936/csr-white-sugar
758501,Essentials Iodised Salt 1kg,$2.50 ,$0.03 / 10G,/shop/productdetails/758501/essentials-iodised-salt
7733,Greenseas Tuna Lemon Pepper 95g,$2.60 ,$27.37 / 1KG,/shop/productdetails/7733/greenseas-tuna-lemon-pepper-lemon-pepper
251230,Woolworths Turmeric Ground 30g,$2.00 ,$0.67 / 10G,/shop/productdetails/251230/woolworths-turmeric-ground-ground
720977,Abc Kecap Manis Sweet Soy Sauce 275ml,$2.80 ,$1.02 / 100ML,/shop/productdetails/720977/abc-kecap-manis-sweet-soy-sauce
19145,Heinz Classic Creamy Pumpkin Soup Canned Vegetable Soup 535g,$3.90 ,$0.73 / 100G,/shop/productdetails/19145/heinz-classic-creamy-pumpkin-soup-canned-vegetable-soup
211299,John West Tempters Tuna Smoked 95g,$1.35 ,$14.21 / 1KG,/shop/productdetails/211299/john-west-tempters-tuna-smoked
185395,Obento Japanese Yaki Nori For Sushi Each,$4.00 ,$16.00 / 100G,/shop/productdetails/185395/obento-japanese-yaki-nori-for-sushi
14615,Heinz Big Red Tomato Soup For One 300g,$2.30 ,$0.77 / 100G,/shop/productdetails/14615/heinz-big-red-tomato-soup-for-one-tomato
91367,Cornwell's White Vinegar White 375ml,$2.15 ,$0.57 / 100ML,/shop/productdetails/91367/cornwell-s-white-vinegar-white
9014,Zafarelli Spaghetti No4 500g,$1.85 ,$0.37 / 100G,/shop/productdetails/9014/zafarelli-spaghetti-no4
34947,John West Wild Scottish Sardines In Extra Virgin Olive Oil 110g,$3.00 ,$27.27 / 1KG,/shop/productdetails/34947/john-west-wild-scottish-sardines-in-extra-virgin-olive-oil
4840,Kikkoman Soy Sauce Soy 1l,$11.00 ,$1.10 / 100ML,/shop/productdetails/4840/kikkoman-soy-sauce-soy
30856,Campbell's Real Stock Vegetable Liquid Stock 1l,$2.25 ,$0.23 / 100ML,/shop/productdetails/30856/campbell-s-real-stock-vegetable-liquid-stock
8675,Hoyts Sesame Seeds Jar 230g,$5.20 ,$0.23 / 10G,/shop/productdetails/8675/hoyts-sesame-seeds-jar
501763,Woolworths Sunflower Seeds 200g,$1.60 ,$8.00 / 1KG,/shop/productdetails/501763/woolworths-sunflower-seeds
195090,Moro Vinegar White Wine 500ml,$5.00 ,$1.00 / 100ML,/shop/productdetails/195090/moro-vinegar-white-wine
333915,Mission Original Tortillas 12 Pack,$4.50 ,$0.78 / 100G,/shop/productdetails/333915/mission-original-tortillas
16928,Cornwell's White Vinegar White 750ml,$3.10 ,$0.41 / 100ML,/shop/productdetails/16928/cornwell-s-white-vinegar-white
175901,Fountain Tomato Sauce Value Pack 2l,$7.50 ,$0.38 / 100ML,/shop/productdetails/175901/fountain-tomato-sauce-value-pack
146547,Pauls Zymil Lactose Free Low Fat Long Life Milk 1l,$3.00 ,$3.00 / 1L,/shop/productdetails/146547/pauls-zymil-lactose-free-low-fat-long-life-milk
2037,Old El Paso Soft Taco Dinner Kit Mexican Style 405g,$8.50 ,$2.10 / 100G,/shop/productdetails/2037/old-el-paso-soft-taco-dinner-kit-mexican-style
306497,Saxa Natural Rock Salt 500g,$2.80 ,$0.06 / 10G,/shop/productdetails/306497/saxa-natural-rock-salt-rock-salt
47682,Woolworths Baked Beans In Tomato Sauce 420g,$1.10 ,$0.26 / 100G,/shop/productdetails/47682/woolworths-baked-beans-in-tomato-sauce
887994,Woolworths Pink Himalayan Salt Grinder 110g,$3.15 ,$0.29 / 10G,/shop/productdetails/887994/woolworths-pink-himalayan-salt-grinder
7707,Greenseas Tuna Smoke Flavour 95g,$2.60 ,$27.37 / 1KG,/shop/productdetails/7707/greenseas-tuna-smoke-flavour-natural-smoked-flavour
828496,Heinz Classic Creamy Tomato Soup Canned Vegetable Soup 535g,$3.90 ,$0.73 / 100G,/shop/productdetails/828496/heinz-classic-creamy-tomato-soup-canned-vegetable-soup
310251,Woolworths Chicken Liquid Stock 1l,$1.90 ,$0.19 / 100ML,/shop/productdetails/310251/woolworths-chicken-liquid-stock
311977,Woolworths Sultanas 6 Pack,$2.00 ,$8.33 / 1KG,/shop/productdetails/311977/woolworths-sultanas
788498,A+ Snacks Seaweed 4.5g,$0.90 ,$20.00 / 100G,/shop/productdetails/788498/a-snacks-seaweed
88382,Barilla Pasta Rigatoni 500g,$3.50 ,$0.70 / 100G,/shop/productdetails/88382/barilla-pasta-rigatoni-pasta-no-89
520727,Woolworths Sundried Tomato Halves 500g,$4.50 ,$0.90 / 100G,/shop/productdetails/520727/woolworths-sundried-tomato-halves
87453,Chang's Rice Vermicelli 250g,$2.55 ,$1.02 / 100G,/shop/productdetails/87453/chang-s-rice-vermicelli
4516,Spam Ham Low Salt 340g,$5.00 ,$14.71 / 1KG,/shop/productdetails/4516/spam-ham-low-salt
34420,Holbrooks Sauce Worcestershire 250ml,$3.30 ,$1.32 / 100ML,/shop/productdetails/34420/holbrooks-sauce-worcestershire
785763,Praise Tartare Sauce 250ml,$3.50 ,$1.40 / 100ML,/shop/productdetails/785763/praise-tartare-sauce
248677,Old El Paso Mini Taco Tortillas 10 Pack,$5.00 ,$2.00 / 100G,/shop/productdetails/248677/old-el-paso-mini-taco-tortillas
750512,Heinz Classic Hearty Vegetable Soup Canned Ready Meals 535g,$3.90 ,$0.73 / 100G,/shop/productdetails/750512/heinz-classic-hearty-vegetable-soup-canned-ready-meals
230504,Woolworths Barbecue Sauce Squeeze 500ml,$1.80 ,$0.36 / 100ML,/shop/productdetails/230504/woolworths-barbecue-sauce-squeeze
46370,Old El Paso Jumbo Taco Shells Taco Shells 10 Pack,$4.40 ,$2.32 / 100G,/shop/productdetails/46370/old-el-paso-jumbo-taco-shells-taco-shells
75363,Sirena Tuna In Springwater 185g,$4.70 ,$25.41 / 1KG,/shop/productdetails/75363/sirena-tuna-in-springwater
57688,Masterfoods Marinade Teriyaki 375g,$4.00 ,$1.07 / 100G,/shop/productdetails/57688/masterfoods-marinade-teriyaki
803409,Safcol Sardines In Springwater 110g,$1.90 ,$17.27 / 1KG,/shop/productdetails/803409/safcol-sardines-in-springwater
123041,Mr Chen's Rice Wine Vinegar 250ml,$2.30 ,$0.92 / 100ML,/shop/productdetails/123041/mr-chen-s-rice-wine-vinegar
335935,Csr White Sugar Sticks 50 Pack,$3.00 ,$2.00 / 100G,/shop/productdetails/335935/csr-white-sugar-sticks
44192,Suimin Brasied Beef Noodle Cup 70g,$1.85 ,$2.64 / 100G,/shop/productdetails/44192/suimin-brasied-beef-noodle-cup
21569,Greenseas Sandwich Tuna Flakes 95g,$2.60 ,$27.37 / 1KG,/shop/productdetails/21569/greenseas-sandwich-tuna-flakes-sandwich-flakes
37808,Kikkoman Soy Sauce Soy 250ml,$5.30 ,$2.12 / 100ML,/shop/productdetails/37808/kikkoman-soy-sauce-soy
54624,Suimin Chicken Noodle Cup 70g,$1.85 ,$2.64 / 100G,/shop/productdetails/54624/suimin-chicken-noodle-cup
21724,Vegeta Vegetable Gourmet Stock Powder 250g,$4.50 ,$0.18 / 10G,/shop/productdetails/21724/vegeta-vegetable-gourmet-stock-powder
251141,Woolworths Rosemary Leaves 18g,$1.75 ,$0.97 / 10G,/shop/productdetails/251141/woolworths-rosemary-leaves
218924,Woolworths Italian Tomatoes With Onion Garlic & Basil 400g,$1.30 ,$0.33 / 100G,/shop/productdetails/218924/woolworths-italian-tomatoes-with-onion-garlic-basil
36655,Bushells Blue Label Black Tea 100 Pack,$3.85 ,$0.04 / 1EA,/shop/productdetails/36655/bushells-blue-label-black-tea
476705,Woolworths Tuna Mexican Style 95g,$1.10 ,$11.58 / 1KG,/shop/productdetails/476705/woolworths-tuna-mexican-style
27574,John West Tempters Tuna Oven Dried Tomato Basil 95g,$1.35 ,$14.21 / 1KG,/shop/productdetails/27574/john-west-tempters-tuna-oven-dried-tomato-basil
30438,Essentials Tuna In Oil 425g,$3.50 ,$8.24 / 1KG,/shop/productdetails/30438/essentials-tuna-in-oil-in-oil
54883,Sirena Tuna In Oil Chilli 185g,$4.70 ,$25.41 / 1KG,/shop/productdetails/54883/sirena-tuna-in-oil-chilli
720343,Essentials Caster Sugar 1kg,$2.20 ,$0.22 / 100G,/shop/productdetails/720343/essentials-caster-sugar
263411,John West Tuna In Olive Oil 425g,$5.50 ,$12.94 / 1KG,/shop/productdetails/263411/john-west-tuna-in-olive-oil
245573,Campbell's Chunky Soup Beef & Veg 505g,$2.25 ,$0.45 / 100G,/shop/productdetails/245573/campbell-s-chunky-soup-beef-veg
33157,Csr White Sugar 2kg,$3.40 ,$0.17 / 100G,/shop/productdetails/33157/csr-white-sugar
36493,Sunrice White Rice Premium Long Grain 1kg,$2.40 ,$0.24 / 100G,/shop/productdetails/36493/sunrice-white-rice-premium-long-grain
91105,Vetta Smart Fibre Spaghetti 500g,$2.35 ,$0.47 / 100G,/shop/productdetails/91105/vetta-smart-fibre-spaghetti
362693,Mission Tortilla Strips White Corn 230g,$3.50 ,$1.52 / 100G,/shop/productdetails/362693/mission-tortilla-strips-white-corn
360351,Woolworths Microwave Brown Rice 250g,$1.75 ,$0.70 / 100G,/shop/productdetails/360351/woolworths-microwave-brown-rice
92589,John West Tuna Tempters Zesty Vinaigrette 95g,$1.35 ,$14.21 / 1KG,/shop/productdetails/92589/john-west-tuna-tempters-zesty-vinaigrette
97722,Vegemite Salt Reduced 40% Less Salt 235g,$5.20 ,$2.21 / 100G,/shop/productdetails/97722/vegemite-salt-reduced-40-less-salt
733311,Sandhurst Tomatoes Sundried 125g,$4.80 ,$38.40 / 1KG,/shop/productdetails/733311/sandhurst-tomatoes-sundried
310694,John West Tuna Sweet Corn & Mayonnaise 95g,$1.35 ,$14.21 / 1KG,/shop/productdetails/310694/john-west-tuna-sweet-corn-mayonnaise
99696,Masterfoods Barbecue Sauce 500ml,$2.50 ,$0.50 / 100ML,/shop/productdetails/99696/masterfoods-barbecue-sauce
750176,Taylors Of Harrogate Yorkshire Tea Bags 100 Pack,$6.30 ,$0.06 / 1EA,/shop/productdetails/750176/taylors-of-harrogate-yorkshire-tea-bags
94681,Essentials Tuna In Oil 185g,$1.80 ,$9.73 / 1KG,/shop/productdetails/94681/essentials-tuna-in-oil
43115,Saxa Table Salt Picnic Pack 125g,$2.50 ,$0.20 / 10G,/shop/productdetails/43115/saxa-table-salt-picnic-pack-picnic-pack
728606,Masterfoods Aussie Farmers Tomato Sauce 500ml,$4.50 ,$0.90 / 100ML,/shop/productdetails/728606/masterfoods-aussie-farmers-tomato-sauce
103214,Double Phoenix Bean Vermicelli Noodles 200g,$1.85 ,$0.93 / 100G,/shop/productdetails/103214/double-phoenix-bean-vermicelli-noodles
33964,Spam Ham Classic 340g,N/A,N/A,/shop/productdetails/33964/spam-ham-classic
352043,Sunrice Quick Cups Microwave Fragrant Brown Rice 250g,$3.00 ,$1.20 / 100G,/shop/productdetails/352043/sunrice-quick-cups-microwave-fragrant-brown-rice
256881,Woolworths Vinegar White Wine 500ml,$2.50 ,$0.50 / 100ML,/shop/productdetails/256881/woolworths-vinegar-white-wine
264091,Dollar Sweets 100s & 1000s 190g,$2.30 ,$1.21 / 100G,/shop/productdetails/264091/dollar-sweets-100s-1000s
93443,Old El Paso Taco Sauce Medium Taco Sauce 200g,$4.00 ,$2.00 / 100G,/shop/productdetails/93443/old-el-paso-taco-sauce-medium-taco-sauce
360352,Woolworths Microwave White Long Grain Rice Family 450g,$2.75 ,$0.61 / 100G,/shop/productdetails/360352/woolworths-microwave-white-long-grain-rice-family
779130,Woolworths Soy Milk 1l,$1.15 ,$1.15 / 1L,/shop/productdetails/779130/woolworths-soy-milk
20749,Heinz Classic Country Chicken Soup Canned Soup Ready Meals 535g,$3.90 ,$0.73 / 100G,/shop/productdetails/20749/heinz-classic-country-chicken-soup-canned-soup-ready-meals
158436,Heinz Spaghetti Multipack Pasta Tinned Spaghetti 220g X3 Pack,$4.90 ,$0.74 / 100G,/shop/productdetails/158436/heinz-spaghetti-multipack-pasta-tinned-spaghetti
25671,Cornwell's White Vinegar White 2l,$4.10 ,$0.21 / 100ML,/shop/productdetails/25671/cornwell-s-white-vinegar-white
215450,Macro Organic Spaghetti Pasta 500g,$1.65 ,$0.33 / 100G,/shop/productdetails/215450/macro-organic-spaghetti-pasta
64837,Woolworths Tuna Laksa 95g,$1.10 ,$11.58 / 1KG,/shop/productdetails/64837/woolworths-tuna-laksa
748596,Woolworths Uht Lite Milk 1l,$1.60 ,$1.60 / 1L,/shop/productdetails/748596/woolworths-uht-lite-milk
36630,Csr Raw Sugar 1kg,$2.80 ,$0.28 / 100G,/shop/productdetails/36630/csr-raw-sugar
30825,Campbell's Real Stock Beef Liquid Stock 1l,$2.25 ,$0.23 / 100ML,/shop/productdetails/30825/campbell-s-real-stock-beef-liquid-stock
29348,Mayver's Hulled Tahini Spread 385g,$6.50 ,$1.69 / 100G,/shop/productdetails/29348/mayver-s-hulled-tahini-spread
9297,Beerenberg Tomato Sauce 300ml,$5.20 ,$1.73 / 100ML,/shop/productdetails/9297/beerenberg-tomato-sauce
263251,Obento Japanese Noodles Udon 200g,$1.55 ,$0.78 / 100G,/shop/productdetails/263251/obento-japanese-noodles-udon
251222,Woolworths Sumac Ground 40g,$2.80 ,$0.70 / 10G,/shop/productdetails/251222/woolworths-sumac-ground
24811,Brunswick Sardines In Springwater No Added Salt 106g,$2.90 ,$27.36 / 1KG,/shop/productdetails/24811/brunswick-sardines-in-springwater-no-added-salt
498331,Csr Raw Sugar Sticks 50 Pack 150g,$3.10 ,$2.07 / 100G,/shop/productdetails/498331/csr-raw-sugar-sticks
15391,Tandaco Dry Yeast 5x7g Sachets 35g,$2.80 ,$8.00 / 100G,/shop/productdetails/15391/tandaco-dry-yeast-5x7g-sachets
263414,John West Salmon Tempters In Springwater 95g,$2.90 ,$30.53 / 1KG,/shop/productdetails/263414/john-west-salmon-tempters-in-springwater
246335,Brunswick Sardines In Olive Oil 106g,$2.90 ,$27.36 / 1KG,/shop/productdetails/246335/brunswick-sardines-in-olive-oil
42937,Vitasoy Calci Plus Soy Milk 1l,$3.00 ,$3.00 / 1L,/shop/productdetails/42937/vitasoy-calci-plus-soy-milk
371052,Sunrice Quick Cups Microwave Fragrant Jasmine Rice 250g,$3.00 ,$1.20 / 100G,/shop/productdetails/371052/sunrice-quick-cups-microwave-fragrant-jasmine-rice
77750,Campbell's Real Stock Chicken Liquid Stock 1l,$2.25 ,$0.23 / 100ML,/shop/productdetails/77750/campbell-s-real-stock-chicken-liquid-stock
803728,Safcol Sardines In Oil 110g,$1.90 ,$17.27 / 1KG,/shop/productdetails/803728/safcol-sardines-in-oil
113228,Tiao Hu Soy Sauce 500ml,$1.90 ,$0.38 / 100ML,/shop/productdetails/113228/tiao-hu-soy-sauce
33245,Saxa Iodised Table Salt Shaker 750g,$4.50 ,$0.06 / 10G,/shop/productdetails/33245/saxa-iodised-table-salt-shaker
252148,Lea & Perrins Worcestershire Sauce 290ml,$5.00 ,$1.72 / 100ML,/shop/productdetails/252148/lea-perrins-worcestershire-sauce
346833,Woolworths Pasta Spirals 500g,$1.00 ,$0.20 / 100G,/shop/productdetails/346833/woolworths-pasta-spirals
93054,San Remo Rigatoni Pasta No 22 500g,$2.30 ,$0.46 / 100G,/shop/productdetails/93054/san-remo-rigatoni-pasta-no-22
450687,Leggo's Bolognese - Chunky Tomato Garlic & Herbs Pasta Sauce 500g,$4.30 ,$0.86 / 100G,/shop/productdetails/450687/leggo-s-bolognese-chunky-tomato-garlic-herbs-pasta-sauce
335845,Old El Paso Family Tortillas Fajita 16 Pack,$5.85 ,$0.91 / 100G,/shop/productdetails/335845/old-el-paso-family-tortillas-fajita
707369,Woolworths Sage Fresh Herb 10g Punnet,N/A,N/A,/shop/productdetails/707369/woolworths-sage-fresh-herb
235198,Ardmona Whole Peeled Vine Ripened Tomatoes 400g,$1.80 ,$4.50 / 1KG,/shop/productdetails/235198/ardmona-whole-peeled-vine-ripened-tomatoes
37810,Annalisa Tomatoes Peeled 400g,$1.70 ,$4.25 / 1KG,/shop/productdetails/37810/annalisa-tomatoes-peeled
79077,Heinz Big Red Salt Reduced Condensed Tomato Soup 420g,$2.00 ,$0.48 / 100G,/shop/productdetails/79077/heinz-big-red-salt-reduced-condensed-tomato-soup
587911,Lipton Quality Black Tea Bags 100 Pack,$4.00 ,$0.04 / 1EA,/shop/productdetails/587911/lipton-quality-black-tea-bags
306494,Saxa Iodised Cooking Salt 1kg,$2.20 ,$0.02 / 10G,/shop/productdetails/306494/saxa-iodised-cooking-salt-iodised
92591,Essentials Tuna In Brine 425g,$3.50 ,$8.24 / 1KG,/shop/productdetails/92591/essentials-tuna-in-brine
85730,Old El Paso Fajitas Tortillas 6 Pack,$4.00 ,$1.67 / 100G,/shop/productdetails/85730/old-el-paso-fajitas-tortillas
661322,Sunbeam Australian Sultanas Mini 8 Pack,$3.20 ,$26.67 / 1KG,/shop/productdetails/661322/sunbeam-australian-sultanas-mini
247302,Spc Spaghetti Rich Tomato 4 X 220g,$6.00 ,$0.68 / 100G,/shop/productdetails/247302/spc-spaghetti-rich-tomato-rich-tomato-sauce
715636,John West Salmon Tempters In Olive Oil 95g,$2.90 ,$30.53 / 1KG,/shop/productdetails/715636/john-west-salmon-tempters-in-olive-oil
21662,Zooper Dooper 8 Cosmic Flavours 24 Pack,$6.50 ,$0.39 / 100ML,/shop/productdetails/21662/zooper-dooper-8-cosmic-flavours
131559,Mutti Parma Polpa Finely Chopped Tomatoes 790g,$4.30 ,$5.44 / 1KG,/shop/productdetails/131559/mutti-parma-polpa-finely-chopped-tomatoes
92922,Podravka Vegeta Vegetable Gourmet Stock Powder 500g,$5.00 ,$0.10 / 10G,/shop/productdetails/92922/podravka-vegeta-vegetable-gourmet-stock-powder
35399,Masterfoods Thyme Leaves 10g,$2.70 ,$2.70 / 10G,/shop/productdetails/35399/masterfoods-thyme-leaves
310253,Woolworths Beef Liquid Stock 1l,$1.90 ,$0.19 / 100ML,/shop/productdetails/310253/woolworths-beef-liquid-stock
334639,Woolworths Pepper Grinder Black Peppercorn 50g,$3.50 ,$0.70 / 10G,/shop/productdetails/334639/woolworths-pepper-grinder-black-peppercorn
220697,Woolworths Salmon Pink 415g,$5.50 ,$13.25 / 1KG,/shop/productdetails/220697/woolworths-salmon-pink
13170,Spc Spag-a-saurus Tomato & Cheese 420g,$1.70 ,$0.40 / 100G,/shop/productdetails/13170/spc-spag-a-saurus-tomato-cheese-spagasaurus-shapes
24318,Sanitarium So Good Long Life Regular Soy Milk 1l,$2.20 ,$2.20 / 1L,/shop/productdetails/24318/sanitarium-so-good-long-life-regular-soy-milk
360343,Woolworths Microwave Long Grain White Rice 250g,$1.75 ,$0.70 / 100G,/shop/productdetails/360343/woolworths-microwave-long-grain-white-rice
808420,La Gina Diced Tomatoes 400g,$1.80 ,$0.45 / 100G,/shop/productdetails/808420/la-gina-diced-tomatoes
34435,Masterfoods Seafood Cocktail Sauce 260g,$3.50 ,$1.35 / 100G,/shop/productdetails/34435/masterfoods-seafood-cocktail-sauce
3356,Old El Paso Thick 'n Chunky Salsa Mild Thick & Chunky 375g,$4.40 ,$1.17 / 100G,/shop/productdetails/3356/old-el-paso-thick-n-chunky-salsa-mild-thick-chunky
663986,John West Tuna Tempters Sweet Chilli 95g,$1.35 ,$14.21 / 1KG,/shop/productdetails/663986/john-west-tuna-tempters-sweet-chilli
226270,Saxa Iodised Sea Salt Grinder 90g,$5.50 ,$0.61 / 10G,/shop/productdetails/226270/saxa-iodised-sea-salt-grinder-grinder
113847,Heinz Big Red Condensed Tomato Soup 820g,$3.90 ,$0.48 / 100G,/shop/productdetails/113847/heinz-big-red-condensed-tomato-soup-big-red-tomato
263255,Obento Japanese Seasoning Sushi 250ml,$3.60 ,$1.44 / 100ML,/shop/productdetails/263255/obento-japanese-seasoning-sushi
8386,Old El Paso Family Taco Shell 202g,$6.00 ,$2.97 / 100G,/shop/productdetails/8386/old-el-paso-family-taco-shell
141858,Queen Imitation Flavouring Vanilla 300ml,$3.00 ,$1.00 / 100ML,/shop/productdetails/141858/queen-imitation-flavouring-vanilla
63005,La Gina Italian Tomato Paste Passata 680g,$2.20 ,$0.32 / 100G,/shop/productdetails/63005/la-gina-italian-tomato-paste-passata
307818,Dollar Sweets Sprinkles Magic 100s & 1000s 350g,$4.50 ,$1.29 / 100G,/shop/productdetails/307818/dollar-sweets-sprinkles-magic-100s-1000s
801522,Sirena Brown Rice & Quinoa With Tuna 170g,$4.30 ,$25.29 / 1KG,/shop/productdetails/801522/sirena-brown-rice-quinoa-with-tuna
33129,Tabasco Chilli Sauce Red Pepper 60ml,$4.70 ,$7.83 / 100ML,/shop/productdetails/33129/tabasco-chilli-sauce-red-pepper
167626,Heinz Big N Chunky Beef & Vegetable Soup Veggie Ready Meals 535g,$3.90 ,$0.73 / 100G,/shop/productdetails/167626/heinz-big-n-chunky-beef-vegetable-soup-veggie-ready-meals
466062,Sunbeam Yoghurt Coated Sultanas 180g,$5.00 ,$27.78 / 1KG,/shop/productdetails/466062/sunbeam-yoghurt-coated-sultanas
37391,Csr Raw Sugar 2kg,$4.40 ,$0.22 / 100G,/shop/productdetails/37391/csr-raw-sugar
431062,Sanitarium Weet-bix Blends Multi-grain+ Breakfast Cereal 860g,$8.00 ,$0.93 / 100G,/shop/productdetails/431062/sanitarium-weet-bix-blends-multi-grain-breakfast-cereal
340431,Sirena Tuna Basil Infused Oil 95g,$2.95 ,$31.05 / 1KG,/shop/productdetails/340431/sirena-tuna-basil-infused-oil
318603,Kikkoman Tamari Soy Sauce 250ml,$5.40 ,$2.16 / 100ML,/shop/productdetails/318603/kikkoman-tamari-soy-sauce
574821,Tetley Tea Bags 100 Pack,$3.80 ,$0.04 / 1EA,/shop/productdetails/574821/tetley-tea-bags
229234,Pandaroo Sushi Rice 1kg,$5.50 ,$0.55 / 100G,/shop/productdetails/229234/pandaroo-sushi-rice
211318,Sirena Tuna In Oil With Lemon Pepper 95g,$2.95 ,$31.05 / 1KG,/shop/productdetails/211318/sirena-tuna-in-oil-with-lemon-pepper
742407,Ozesauce Tomato Sauce 500ml,$3.70 ,$0.74 / 100ML,/shop/productdetails/742407/ozesauce-tomato-sauce
941588,Woolworths Yellowfin Tuna In Springwater 185g,$2.00 ,$10.81 / 1KG,/shop/productdetails/941588/woolworths-yellowfin-tuna-in-springwater
41946,Twinings English Breakfast Tea Bags 10 Pack,$2.00 ,$0.20 / 1EA,/shop/productdetails/41946/twinings-english-breakfast-tea-bags-tea-bags
812784,Arnott's Shapes Multipack Crackers Vegemite & Cheese 8 Pack,$4.50 ,$2.25 / 100G,/shop/productdetails/812784/arnott-s-shapes-multipack-crackers-vegemite-cheese
263409,Sirena Tuna La Vita Lite In Oil 95g,$2.95 ,$31.05 / 1KG,/shop/productdetails/263409/sirena-tuna-la-vita-lite-in-oil
360348,Woolworths Microwave Basmati Rice 250g,$1.75 ,$0.70 / 100G,/shop/productdetails/360348/woolworths-microwave-basmati-rice
94699,Essentials Packet Soup Mix French Onion 40g,$0.45 ,$1.13 / 100G,/shop/productdetails/94699/essentials-packet-soup-mix-french-onion
94624,Hoyts Thyme 15g,$1.60 ,$1.07 / 10G,/shop/productdetails/94624/hoyts-thyme
88057,Barilla Pasta Spaghettini 500g,$3.50 ,$0.70 / 100G,/shop/productdetails/88057/barilla-pasta-spaghettini-spaghettini-pasta-no-3
799811,Woolworths Free From Lactose Full Cream Milk 1l,$2.00 ,$2.00 / 1L,/shop/productdetails/799811/woolworths-free-from-lactose-full-cream-milk
188056,Heinz Spaghetti The Lil' One Multipack 130g X4 Pack,$5.70 ,$1.10 / 100G,/shop/productdetails/188056/heinz-spaghetti-the-lil-one-multipack
290300,Mutti Cherry Tomatoes 400g,$1.90 ,$4.75 / 1KG,/shop/productdetails/290300/mutti-cherry-tomatoes
758377,Dolmio Traditional Recipe Tomato & Basil Pasta Sauce 500g,$2.50 ,$0.50 / 100G,/shop/productdetails/758377/dolmio-traditional-recipe-tomato-basil-pasta-sauce
552488,Woolworths Brown Rice Microwave Cups 2 Pack,$2.20 ,$0.88 / 100G,/shop/productdetails/552488/woolworths-brown-rice-microwave-cups
226836,Ardmona Rich & Thick Diced Tomatoes With Paste Basil & Garlic 410g,$2.20 ,$5.37 / 1KG,/shop/productdetails/226836/ardmona-rich-thick-diced-tomatoes-with-paste-basil-garlic
844371,Heinz Ketchup Tomato Sauce 220ml,$2.20 ,$1.00 / 100ML,/shop/productdetails/844371/heinz-ketchup-tomato-sauce-tomato-ketchup
59706,Starbucks By Nespresso House Blend Coffee Pods 10 Pack,$7.90 ,$0.79 / 1EA,/shop/productdetails/59706/starbucks-by-nespresso-house-blend-coffee-pods
629207,Wattie's Spaghetti In Tomato Sauce 420g,$2.20 ,$0.52 / 100G,/shop/productdetails/629207/wattie-s-spaghetti-in-tomato-sauce-in-tomato-sauce
319333,Sanitarium Weet-bix Bites Crunchy Honey Breakfast Cereal 510g,$4.50 ,$0.88 / 100G,/shop/productdetails/319333/sanitarium-weet-bix-bites-crunchy-honey-breakfast-cereal
63667,Saxa Picnic Pack Iodised Table Salt 125g,$2.50 ,$0.20 / 10G,/shop/productdetails/63667/saxa-picnic-pack-iodised-table-salt
701255,"Twinings Strawberry, Raspberry & Loganberry Tea Bags 10 Pack",$2.00 ,$0.20 / 1EA,/shop/productdetails/701255/twinings-strawberry-raspberry-loganberry-tea-bags
505355,Massel 7's Cubes Gluten Free Vegetable 35g,$1.00 ,$0.29 / 10G,/shop/productdetails/505355/massel-7-s-cubes-gluten-free-vegetable
142976,Sanitarium Weet-bix Little Kids Essentials Breakfast Cereal 400g,$4.50 ,$1.13 / 100G,/shop/productdetails/142976/sanitarium-weet-bix-little-kids-essentials-breakfast-cereal
693762,Woolworths Salmon Naturally Smoked 95g,$1.40 ,$14.74 / 1KG,/shop/productdetails/693762/woolworths-salmon-naturally-smoked
787266,Old El Paso Stand 'n Stuff Soft Taco Kit Mexican Style 348g,$9.50 ,$2.73 / 100G,/shop/productdetails/787266/old-el-paso-stand-n-stuff-soft-taco-kit-mexican-style
758381,Kan Tong Peanut Satay Stir Fry Cooking Sauce 505g,$3.00 ,$0.59 / 100G,/shop/productdetails/758381/kan-tong-peanut-satay-stir-fry-cooking-sauce
733305,Sandhurst Sauerkraut 500g,$4.50 ,$9.00 / 1KG,/shop/productdetails/733305/sandhurst-sauerkraut
56290,Twinings Lemon & Ginger Tea Bags 10 Pack 15g,$2.00 ,$0.20 / 1EA,/shop/productdetails/56290/twinings-lemon-ginger-tea-bags
941590,Woolworths Yellowfin Tuna In Oil 185g,$2.00 ,$10.81 / 1KG,/shop/productdetails/941590/woolworths-yellowfin-tuna-in-oil
252264,John West Tuna Tempters Mango Chilli 95g,$1.35 ,$14.21 / 1KG,/shop/productdetails/252264/john-west-tuna-tempters-mango-chilli
113792,Heinz Classic Italian Minestrone Soup 535g,$3.90 ,$0.73 / 100G,/shop/productdetails/113792/heinz-classic-italian-minestrone-soup
26649,Continental Cup A Soup Creamy Chicken With Lots Of Noodles 2 Pack,$2.80 ,$4.67 / 100G,/shop/productdetails/26649/continental-cup-a-soup-creamy-chicken-with-lots-of-noodles
135984,John West Tempters Tuna Mild Indian Curry 95g,$1.35 ,$14.21 / 1KG,/shop/productdetails/135984/john-west-tempters-tuna-mild-indian-curry
186411,Massel Stock Powder Vegetable 168g,$3.75 ,$0.22 / 10G,/shop/productdetails/186411/massel-stock-powder-vegetable
289996,Lucky Crumbed Walnuts 125g,$3.30 ,$26.40 / 1KG,/shop/productdetails/289996/lucky-crumbed-walnuts
66161,Spring Gully Worcestershire Sauce 250ml,$2.75 ,$1.10 / 100ML,/shop/productdetails/66161/spring-gully-worcestershire-sauce
829281,Twinings English Breakfast Extra Strong Tea Bags 80 Pack,$13.50 ,$0.17 / 1EA,/shop/productdetails/829281/twinings-english-breakfast-extra-strong-tea-bags
701332,Twinings Camomile Honey & Vanilla Tea Bags 10 Pack 15g,$2.00 ,$0.20 / 1EA,/shop/productdetails/701332/twinings-camomile-honey-vanilla-tea-bags
72779,Woolworths White Rice Long Grain 5kg,N/A,N/A,/shop/productdetails/72779/woolworths-white-rice-long-grain
58970,Twinings Pure Peppermint Tea Bags 10 Pack,$2.00 ,$0.20 / 1EA,/shop/productdetails/58970/twinings-pure-peppermint-tea-bags-tea-bags
83236,Deep Cove Sardines In Tomato Sauce 125g,$0.85 ,$6.80 / 1KG,/shop/productdetails/83236/deep-cove-sardines-in-tomato-sauce
861530,Sunrice Koshihikari Sushi Rice 750g,$5.00 ,$0.67 / 100G,/shop/productdetails/861530/sunrice-koshihikari-sushi-rice
360346,Woolworths Microwave Jasmine Rice 250g,$1.75 ,$0.70 / 100G,/shop/productdetails/360346/woolworths-microwave-jasmine-rice
802544,Sirena Italian Style Salad With Tuna 170g,$4.30 ,$25.29 / 1KG,/shop/productdetails/802544/sirena-italian-style-salad-with-tuna
54429,S&b Japanese Wasabi Tube Paste 43g,$3.30 ,$7.67 / 100G,/shop/productdetails/54429/s-b-japanese-wasabi-tube-paste
207915,Rosella Tomato Sauce Squeezie 500ml,$3.30 ,$0.66 / 100ML,/shop/productdetails/207915/rosella-tomato-sauce-squeezie
574823,Tetley Extra Strong Tea Bags 100 Pack,$4.60 ,$0.05 / 1EA,/shop/productdetails/574823/tetley-extra-strong-tea-bags
310675,Vitasoy Oat Milk 1l,$3.30 ,$3.30 / 1L,/shop/productdetails/310675/vitasoy-oat-milk
68343,Macro Organic Wholemeal Spaghetti 500g,$1.65 ,$0.33 / 100G,/shop/productdetails/68343/macro-organic-wholemeal-spaghetti
710986,Heinz Seriously Good Creamy Tartare Sauce 295ml,$5.50 ,$1.86 / 100ML,/shop/productdetails/710986/heinz-seriously-good-creamy-tartare-sauce
319430,Sanitarium Weet-bix Bites Apricot Breakfast Cereal 500g,$4.50 ,$0.90 / 100G,/shop/productdetails/319430/sanitarium-weet-bix-bites-apricot-breakfast-cereal
757526,Gravox White Sauce Mix 29g,$1.50 ,$0.52 / 10G,/shop/productdetails/757526/gravox-white-sauce-mix-white-sauce-smooth-creamy
780922,Woolworths Salsa Chunky Mild 375g,$3.50 ,$0.93 / 100G,/shop/productdetails/780922/woolworths-salsa-chunky-mild
34046,Continental Simmer Soup Spring Vegetable 30g,$1.70 ,$5.67 / 100G,/shop/productdetails/34046/continental-simmer-soup-spring-vegetable
105557,Vegemite Squeezy 350g,$7.00 ,$2.00 / 100G,/shop/productdetails/105557/vegemite-squeezy
794875,Sanitarium Weet-bix Gluten Free Breakfast Cereal 375g,$4.80 ,$1.28 / 100G,/shop/productdetails/794875/sanitarium-weet-bix-gluten-free-breakfast-cereal
326,Essentials Chunky Pasta Sauce 700g,$2.50 ,$0.36 / 100G,/shop/productdetails/326/essentials-chunky-pasta-sauce
224190,"Heinz Big N Chunky Bacon, Steak, Potato Soup 535g",$3.90 ,$0.73 / 100G,/shop/productdetails/224190/heinz-big-n-chunky-bacon-steak-potato-soup
352041,Sunrice Quick Cups Microwave Long Grain White Rice 250g,$3.00 ,$1.20 / 100G,/shop/productdetails/352041/sunrice-quick-cups-microwave-long-grain-white-rice
29372,Greenseas Tuna Chunks In Springwater 425g,$5.00 ,$11.76 / 1KG,/shop/productdetails/29372/greenseas-tuna-chunks-in-springwater-in-spring-water
123484,Mr Chen's Teriyaki Sauce 250ml,$2.85 ,$1.14 / 100ML,/shop/productdetails/123484/mr-chen-s-teriyaki-sauce
840274,Vegemite Gluten Free Spread 235g,$5.20 ,$2.21 / 100G,/shop/productdetails/840274/vegemite-gluten-free-spread
379736,Mission White Corn Gluten-free Tortillas 12 Pack,N/A,N/A,/shop/productdetails/379736/mission-white-corn-gluten-free-tortillas
624768,Heinz Spaghetti In Tomato Sauce Pasta Tinned Spaghetti 300g,$2.80 ,$0.93 / 100G,/shop/productdetails/624768/heinz-spaghetti-in-tomato-sauce-pasta-tinned-spaghetti
371049,Sunrice Steamed Rice Basmati 2 Quick Cups 240g,$3.00 ,$1.25 / 100G,/shop/productdetails/371049/sunrice-steamed-rice-basmati-2-quick-cups
134338,Mutti Polpa Chopped Tomatoes Organic 400g,$1.90 ,$4.75 / 1KG,/shop/productdetails/134338/mutti-polpa-chopped-tomatoes-organic
72472,John West Salmon Tempters Lemon & Cracked Pepper 95g,$2.90 ,$30.53 / 1KG,/shop/productdetails/72472/john-west-salmon-tempters-lemon-cracked-pepper
34980,John West Sardines In Tomato Sauce 110g,$3.00 ,$27.27 / 1KG,/shop/productdetails/34980/john-west-sardines-in-tomato-sauce
163996,Whole Earth Stevia Sugar Replacement Super Valuepack 350g,$6.90 ,$1.97 / 100G,/shop/productdetails/163996/whole-earth-stevia-sugar-replacement-super-valuepack
21358,Massel Ultra Ultracubes Vegetable 105g,$3.00 ,$0.29 / 10G,/shop/productdetails/21358/massel-ultra-ultracubes-vegetable
157954,John West Calcium Rich Tuna Olive Oil Blend 90g,$2.00 ,$22.22 / 1KG,/shop/productdetails/157954/john-west-calcium-rich-tuna-olive-oil-blend
35946,Masterfoods Sesame Seeds 37g,$3.15 ,$0.85 / 10G,/shop/productdetails/35946/masterfoods-sesame-seeds
259399,Woolworths Chickpeas No Added Salt 420g,$1.00 ,$0.24 / 100G,/shop/productdetails/259399/woolworths-chickpeas-no-added-salt
36447,Campbell's Condensed Soup Split Pea & Ham 420g,$2.20 ,$0.52 / 100G,/shop/productdetails/36447/campbell-s-condensed-soup-split-pea-ham
601342,Woolworths Jasmine Rice 1kg,$3.35 ,$0.34 / 100G,/shop/productdetails/601342/woolworths-jasmine-rice
215466,Macro Organic Raw Sugar Organic 1kg,$2.55 ,$0.26 / 100G,/shop/productdetails/215466/macro-organic-raw-sugar-organic
319493,Sirena Tuna La Vita Lite Chilli 95g,$2.95 ,$31.05 / 1KG,/shop/productdetails/319493/sirena-tuna-la-vita-lite-chilli
72540,John West Salmon Tempters Naturally Smoked 95g,$2.90 ,$30.53 / 1KG,/shop/productdetails/72540/john-west-salmon-tempters-naturally-smoked
720342,Essentials Brown Sugar 1kg,$3.40 ,$0.34 / 100G,/shop/productdetails/720342/essentials-brown-sugar
694751,Essentials Coconut Milk 400ml,$0.95 ,$0.24 / 100ML,/shop/productdetails/694751/essentials-coconut-milk
113025,Pauls Zymil Skim Uht Milk 1l,$3.00 ,$3.00 / 1L,/shop/productdetails/113025/pauls-zymil-skim-uht-milk
257375,Sirena Tuna Slices In Oil Italian Style 125g,$3.90 ,$31.20 / 1KG,/shop/productdetails/257375/sirena-tuna-slices-in-oil-italian-style
170152,Sirena Tuna Soy & Ginger 95g,$2.95 ,$31.05 / 1KG,/shop/productdetails/170152/sirena-tuna-soy-ginger
53333,Wai Wai Rice Vermicelli 200g,$2.25 ,$1.13 / 100G,/shop/productdetails/53333/wai-wai-rice-vermicelli
114407,Just Rooibos African Tea Bags 40 Pack,$7.00 ,$0.18 / 1EA,/shop/productdetails/114407/just-rooibos-african-tea-bags
37419,Queen Organic Vanilla Extract 50ml,$4.00 ,$0.80 / 10ML,/shop/productdetails/37419/queen-organic-vanilla-extract
43975,San Remo Spaghetti Tube Pasta No 6 500g,$2.30 ,$0.46 / 100G,/shop/productdetails/43975/san-remo-spaghetti-tube-pasta-no-6
717631,Macro Organic Quinoa Tri Colour 500g,$6.59 ,$1.32 / 100G,/shop/productdetails/717631/macro-organic-quinoa-tri-colour
188800,Essentials Pasta Penne 500g,$0.90 ,$0.18 / 100G,/shop/productdetails/188800/essentials-pasta-penne
54778,Fountain Satay Sauce 250ml,$3.00 ,$1.20 / 100ML,/shop/productdetails/54778/fountain-satay-sauce
230220,Uncle Tobys Vita Weeties Breakfast Cereal Weeties 700g,$7.00 ,$1.00 / 100G,/shop/productdetails/230220/uncle-tobys-vita-weeties-breakfast-cereal-weeties
694550,Woolworths Basmati Rice 1kg,$4.00 ,$0.40 / 100G,/shop/productdetails/694550/woolworths-basmati-rice
38022,Csr Caster Sugar 1kg,$3.00 ,$0.30 / 100G,/shop/productdetails/38022/csr-caster-sugar
563001,Woolworths Pineapple Slices In Juice 425g,$1.65 ,$3.88 / 1KG,/shop/productdetails/563001/woolworths-pineapple-slices-in-juice
941584,Woolworths Yellowfin Tuna In Oil 95g,$1.30 ,$13.68 / 1KG,/shop/productdetails/941584/woolworths-yellowfin-tuna-in-oil
44194,Suimin Chicken & Prawn Noodle Cup 70g,$1.85 ,$2.64 / 100G,/shop/productdetails/44194/suimin-chicken-prawn-noodle-cup
26995,Taylor's Simmer Sauce Peanut Satay 525g,$4.80 ,$0.91 / 100G,/shop/productdetails/26995/taylor-s-simmer-sauce-peanut-satay
91922,Trident Instant Soup Thai Tom Yum Goong With Noodle 50g,$1.25 ,$2.50 / 100G,/shop/productdetails/91922/trident-instant-soup-thai-tom-yum-goong-with-noodle
142081,Saxa Natural Sea Salt Grinder 90g,$5.50 ,$0.61 / 10G,/shop/productdetails/142081/saxa-natural-sea-salt-grinder-salt-grinder
38963,Val Verde Passata Sauce 700g,$2.50 ,$0.36 / 100G,/shop/productdetails/38963/val-verde-passata-sauce
569804,Woolworths Diced Italian Tomatoes Basil & Oregano 400g,$1.30 ,$3.25 / 1KG,/shop/productdetails/569804/woolworths-diced-italian-tomatoes-basil-oregano
230649,Ardmona Rich & Thick Diced Tomatoes With Paste Classic 410g,$2.20 ,$5.37 / 1KG,/shop/productdetails/230649/ardmona-rich-thick-diced-tomatoes-with-paste-classic
212841,Vitasoy Soy Milky Lite 1l,$2.45 ,$2.45 / 1L,/shop/productdetails/212841/vitasoy-soy-milky-lite
11062,Ayam Teriyaki Sauce 210ml,$4.00 ,$1.90 / 100ML,/shop/productdetails/11062/ayam-teriyaki-sauce
51632,Masterfoods Marinade Satay 375g,$4.00 ,$1.07 / 100G,/shop/productdetails/51632/masterfoods-marinade-satay
365936,Woolworths Sweetener Tablets 300 Pack,$3.00 ,$1.00 / 100EA,/shop/productdetails/365936/woolworths-sweetener-tablets
53367,Tabasco Chilli Sauce Red Pepper 150ml,$9.50 ,$6.33 / 100ML,/shop/productdetails/53367/tabasco-chilli-sauce-red-pepper
218926,Woolworths Corn Sweet Kernels 420g,$1.10 ,$2.62 / 1KG,/shop/productdetails/218926/woolworths-corn-sweet-kernels
306486,Saxa Natural Australian Salt Traditional Cooking Seasoning 2kg,$3.50 ,$0.02 / 10G,/shop/productdetails/306486/saxa-natural-australian-salt-traditional-cooking-seasoning
224203,Heinz Big N Chunky Beef Stockpot Soup 535g,$3.90 ,$0.73 / 100G,/shop/productdetails/224203/heinz-big-n-chunky-beef-stockpot-soup
429224,John West Fiery Jalapeno Tuna 95g,$1.35 ,$14.21 / 1KG,/shop/productdetails/429224/john-west-fiery-jalapeno-tuna
218570,Sirena Tuna In Puttanesca 95g,$2.95 ,$31.05 / 1KG,/shop/productdetails/218570/sirena-tuna-in-puttanesca
177190,Sunbeam Sultanas & Apple 6 Pack,$4.00 ,$26.67 / 1KG,/shop/productdetails/177190/sunbeam-sultanas-apple
445775,Saxa Natural Pink Himalayan Rock Salt 500g,$5.00 ,$0.10 / 10G,/shop/productdetails/445775/saxa-natural-pink-himalayan-rock-salt
780549,Woolworths Tortilla Jumbo 6 Pack,$4.50 ,$1.00 / 100G,/shop/productdetails/780549/woolworths-tortilla-jumbo
210714,Hakubaku Organic Japanese Soba Buckwheat Noodles 98% Ff 270g,$4.00 ,$1.48 / 100G,/shop/productdetails/210714/hakubaku-organic-japanese-soba-buckwheat-noodles-98-ff
123365,Mr Chen's Soy Sauce 250ml,$2.85 ,$1.14 / 100ML,/shop/productdetails/123365/mr-chen-s-soy-sauce
70728,Old El Paso Thick 'n Chunky Salsa Medium Thick & Chunky 375g,$4.40 ,$1.17 / 100G,/shop/productdetails/70728/old-el-paso-thick-n-chunky-salsa-medium-thick-chunky
306488,Saxa All Natural Rock Salt 1kg,N/A,N/A,/shop/productdetails/306488/saxa-all-natural-rock-salt-rock-salt
68468,Csr Raw Sugar 500g,$2.00 ,$0.40 / 100G,/shop/productdetails/68468/csr-raw-sugar
745435,Wai Wai Bihoon Rice Vermicelli 10x50g,$4.10 ,$0.82 / 100G,/shop/productdetails/745435/wai-wai-bihoon-rice-vermicelli
98523,John West Sardines In Spring Water 110g,$3.00 ,$27.27 / 1KG,/shop/productdetails/98523/john-west-sardines-in-spring-water
143014,Queen Natural Vanilla Extract 150ml,$10.00 ,$6.67 / 100ML,/shop/productdetails/143014/queen-natural-vanilla-extract
758286,Dolmio Extra Bolognese Tomato Pasta Sauce 500g,$3.50 ,$0.70 / 100G,/shop/productdetails/758286/dolmio-extra-bolognese-tomato-pasta-sauce
204839,Heinz Classic Chicken & Sweetcorn Soup 535g,$3.90 ,$0.73 / 100G,/shop/productdetails/204839/heinz-classic-chicken-sweetcorn-soup
655419,Huy Fong Sriracha Hot Chilli Sauce 266ml,N/A,N/A,/shop/productdetails/655419/huy-fong-sriracha-hot-chilli-sauce
64169,Sirena Tuna In Garlic 95g,$2.95 ,$31.05 / 1KG,/shop/productdetails/64169/sirena-tuna-in-garlic
26137,Sirena Tuna Triple Chilli 95g,$2.95 ,$31.05 / 1KG,/shop/productdetails/26137/sirena-tuna-triple-chilli
768721,Sustagen Vanilla Ready To Drink 3x250ml,$6.20 ,$8.27 / 1L,/shop/productdetails/768721/sustagen-vanilla-ready-to-drink
74613,La Molisana Pastifico Extra Di Lusso Spaghetti 500g,$2.80 ,$0.56 / 100G,/shop/productdetails/74613/la-molisana-pastifico-extra-di-lusso-spaghetti
58895,Macro Organic Peeled Italian Tomatoes 400g,$1.80 ,$4.50 / 1KG,/shop/productdetails/58895/macro-organic-peeled-italian-tomatoes
795621,Mutti Whole Peeled Tomatoes 400g,$2.30 ,$5.75 / 1KG,/shop/productdetails/795621/mutti-whole-peeled-tomatoes
607577,Heinz Ketchup Tomato Sauce 50% Less Added Sugar & Salt 500ml,$4.00 ,$0.80 / 100ML,/shop/productdetails/607577/heinz-ketchup-tomato-sauce-50-less-added-sugar-salt
36502,Sunrice White Rice Premium Long Grain 2kg,$4.60 ,$0.23 / 100G,/shop/productdetails/36502/sunrice-white-rice-premium-long-grain
212840,Vitasoy Soy Milky Regular 1l,$2.45 ,$2.45 / 1L,/shop/productdetails/212840/vitasoy-soy-milky-regular
446453,Maggi Dry Recipe Bases Beef Stroganoff 41g,$1.75 ,$4.27 / 100G,/shop/productdetails/446453/maggi-dry-recipe-bases-beef-stroganoff
750514,Heinz Soup Of The Day Old Fashioned Chicken Soup Pouch 430g,$4.50 ,$1.05 / 100G,/shop/productdetails/750514/heinz-soup-of-the-day-old-fashioned-chicken-soup-pouch
34282,Campbell's Condensed Soup Cream Of Chicken 420g,$2.20 ,$0.52 / 100G,/shop/productdetails/34282/campbell-s-condensed-soup-cream-of-chicken
259168,Sunbeam Australian Natural Sultanas 450g,$5.50 ,$12.22 / 1KG,/shop/productdetails/259168/sunbeam-australian-natural-sultanas-sultanas
862908,Lee Kum Kee Gluten Free Soy Sauce Soy Sauce 250ml,$4.30 ,$1.72 / 100ML,/shop/productdetails/862908/lee-kum-kee-gluten-free-soy-sauce-soy-sauce
297890,Old El Paso Wholegrain Tortillas Fajitas 6 Pack,$4.00 ,$1.67 / 100G,/shop/productdetails/297890/old-el-paso-wholegrain-tortillas-fajitas
98518,John West Tuna Slices In Olive Oil 125g,$3.80 ,$30.40 / 1KG,/shop/productdetails/98518/john-west-tuna-slices-in-olive-oil
186167,Continental Cup A Soup Classic Tomato 80g,$3.00 ,$3.75 / 100G,/shop/productdetails/186167/continental-cup-a-soup-classic-tomato
188799,Essentials Pasta Spirals 500g,$0.90 ,$0.18 / 100G,/shop/productdetails/188799/essentials-pasta-spirals
211476,Nestle Sustagen Dutch Chocolate Ready To Drink 3x250ml,$6.20 ,$8.27 / 1L,/shop/productdetails/211476/nestle-sustagen-dutch-chocolate-ready-to-drink
676655,Woolworths Yellowfin Tuna Slices In Olive Oil 125g,$2.50 ,$20.00 / 1KG,/shop/productdetails/676655/woolworths-yellowfin-tuna-slices-in-olive-oil
211290,John West Salmon Tempters Onion & Tomato 95g,$2.90 ,$30.53 / 1KG,/shop/productdetails/211290/john-west-salmon-tempters-onion-tomato
758342,Dolmio Extra Tomato Onion & Roast Garlic Pasta Sauce 500g,$3.50 ,$0.70 / 100G,/shop/productdetails/758342/dolmio-extra-tomato-onion-roast-garlic-pasta-sauce
209978,Masterfoods Seasoning Sprinkle Roast Vegetable 38g,$4.20 ,$1.11 / 10G,/shop/productdetails/209978/masterfoods-seasoning-sprinkle-roast-vegetable
35959,Masterfoods Rosemary Leaves 16g,$2.20 ,$1.38 / 10G,/shop/productdetails/35959/masterfoods-rosemary-leaves
246967,Sanitarium Weet-bix Organic Breakfast Cereal 750g,$6.50 ,$0.87 / 100G,/shop/productdetails/246967/sanitarium-weet-bix-organic-breakfast-cereal
186164,Campbell's Country Ladle Soup Chicken & Sweet Corn 505g,$2.25 ,$0.45 / 100G,/shop/productdetails/186164/campbell-s-country-ladle-soup-chicken-sweet-corn
340443,Safcol Salmon Atlantic Spring Water 95g,$2.00 ,$21.05 / 1KG,/shop/productdetails/340443/safcol-salmon-atlantic-spring-water
801493,Sirena Sicilian Style Pasta With Tuna 170g,$4.30 ,$25.29 / 1KG,/shop/productdetails/801493/sirena-sicilian-style-pasta-with-tuna
346837,Woolworths Pasta Macaroni 500g,$1.00 ,$0.20 / 100G,/shop/productdetails/346837/woolworths-pasta-macaroni
56731,Bonsoy Long Life Soy Milk 1l,$4.80 ,$4.80 / 1L,/shop/productdetails/56731/bonsoy-long-life-soy-milk
18161,Heinz Creamy Tomato Soup For One 300g,$2.30 ,$0.77 / 100G,/shop/productdetails/18161/heinz-creamy-tomato-soup-for-one-creamy-tomato
169592,Heinz Heinz Ketchup Sauces Tomato Sauce 1l,$6.00 ,$0.60 / 100ML,/shop/productdetails/169592/heinz-ketchup-sauces-tomato-sauce
320992,Mckenzie's Natural Salt Sea 400g,$5.55 ,$0.14 / 10G,/shop/productdetails/320992/mckenzie-s-natural-salt-sea
233280,Old El Paso Burrito Tortillas Jumbo Jumbo 6 Pack,$6.50 ,$1.44 / 100G,/shop/productdetails/233280/old-el-paso-burrito-tortillas-jumbo-jumbo
828492,Heinz Soup Of The Day 7 Veg With Garden Herbs Soup Pouch 430g,$4.50 ,$1.05 / 100G,/shop/productdetails/828492/heinz-soup-of-the-day-7-veg-with-garden-herbs-soup-pouch
750320,Heinz Soup Of The Day Buttercup Pumpkin & Veg Soup Pouch 430g,$4.50 ,$1.05 / 100G,/shop/productdetails/750320/heinz-soup-of-the-day-buttercup-pumpkin-veg-soup-pouch
93441,Old El Paso Taco Sauce Hot Taco Sauce 200g,$4.00 ,$2.00 / 100G,/shop/productdetails/93441/old-el-paso-taco-sauce-hot-taco-sauce
59693,Starbucks By Nespresso Caffe Verona Coffee Pods 10 Pack,$7.90 ,$0.79 / 1EA,/shop/productdetails/59693/starbucks-by-nespresso-caffe-verona-coffee-pods
87275,Twinings Camomile & Spearmint Tea Bags 10 Pack,$2.00 ,$0.20 / 1EA,/shop/productdetails/87275/twinings-camomile-spearmint-tea-bags-tea-bags
37679,Csr Brown Sugar 1kg,$4.30 ,$0.43 / 100G,/shop/productdetails/37679/csr-brown-sugar
259400,Woolworths Lentils No Added Salt 420g,$1.00 ,$0.24 / 100G,/shop/productdetails/259400/woolworths-lentils-no-added-salt
229229,Pandaroo Japanese Sushi Bamboo Mat 24cm Each,$2.15 ,$2.15 / 1EA,/shop/productdetails/229229/pandaroo-japanese-sushi-bamboo-mat-24cm
61679,Rosella Tomato Sauce Glass 580ml,$3.80 ,$0.66 / 100ML,/shop/productdetails/61679/rosella-tomato-sauce-glass
166227,Continental Cup A Soup Creamy Chicken & Corn With Croutons 30g X 2 Pack,$2.80 ,$4.67 / 100G,/shop/productdetails/166227/continental-cup-a-soup-creamy-chicken-corn-with-croutons
476442,Woolworths Himalayan Pink Fine Table Salt 1kg,$4.00 ,$0.04 / 10G,/shop/productdetails/476442/woolworths-himalayan-pink-fine-table-salt
795295,Mutti Baby Roma Tomatoes 400g,$1.90 ,$4.75 / 1KG,/shop/productdetails/795295/mutti-baby-roma-tomatoes
169527,Old El Paso Taco Spice Mix Extra Mild 30g,$2.40 ,$8.00 / 100G,/shop/productdetails/169527/old-el-paso-taco-spice-mix-extra-mild
708309,Safcol Responsibly Fished Tuna In Oil Italian Style 425g,$4.65 ,$10.94 / 1KG,/shop/productdetails/708309/safcol-responsibly-fished-tuna-in-oil-italian-style
77000,Maldon Sea Salt Flakes 240g,$10.00 ,$4.17 / 100G,/shop/productdetails/77000/maldon-sea-salt-flakes
888487,Twinings Pure Peppermint Tea Bags 80 Pack,$13.50 ,$0.17 / 1EA,/shop/productdetails/888487/twinings-pure-peppermint-tea-bags
90316,Ayam Satay Sauce 250ml,$3.90 ,$1.56 / 100ML,/shop/productdetails/90316/ayam-satay-sauce
31370,Essentials Coconut Cream 400ml,$1.00 ,$0.25 / 100ML,/shop/productdetails/31370/essentials-coconut-cream
629507,Heinz Beanz Baked Beans In Tomato Sauce Multipack 300g X3 Pack,$5.40 ,$0.60 / 100G,/shop/productdetails/629507/heinz-beanz-baked-beans-in-tomato-sauce-multipack
791148,Twinings Camomile & Spiced Apple Tea Bags 10 Pack,$2.00 ,$0.20 / 1EA,/shop/productdetails/791148/twinings-camomile-spiced-apple-tea-bags
250310,Jeeny's Ingredients Puree Tamarind 220g,$5.70 ,$2.59 / 100G,/shop/productdetails/250310/jeeny-s-ingredients-puree-tamarind
514871,Old El Paso Stand 'n Stuff Taco Shells Taco Shells 10 Pack,$4.95 ,$3.09 / 100G,/shop/productdetails/514871/old-el-paso-stand-n-stuff-taco-shells-taco-shells
251758,Sun Rice Japanese Style Sushi Rice 1kg,$4.70 ,$0.47 / 100G,/shop/productdetails/251758/sun-rice-japanese-style-sushi-rice
465070,Always Fresh Sundried Tomatoes Strips 220g,$4.50 ,$20.45 / 1KG,/shop/productdetails/465070/always-fresh-sundried-tomatoes-strips
32926,Continental Cup A Soup Classic Chicken Noodle 4 Pack,$3.00 ,$7.50 / 100G,/shop/productdetails/32926/continental-cup-a-soup-classic-chicken-noodle
135886,Woolworths White Corn Tortilla Strips 230g,N/A,N/A,/shop/productdetails/135886/woolworths-white-corn-tortilla-strips
325134,Essentials Parmesan Cheese 100g,$2.00 ,$20.00 / 1KG,/shop/productdetails/325134/essentials-parmesan-cheese
34004,Essentials Tomato Paste 500g,$1.40 ,$0.28 / 100G,/shop/productdetails/34004/essentials-tomato-paste
452266,The Spice Tailor Classic Butter Chicken 300g,$3.10 ,$1.03 / 100G,/shop/productdetails/452266/the-spice-tailor-classic-butter-chicken
700379,Mccormick Organic Cinnamon Ground 13g,$2.25 ,$1.73 / 10G,/shop/productdetails/700379/mccormick-organic-cinnamon-ground
36369,Uncle Tobys Vita Brits Breakfast Cereal 1kg,$6.00 ,$0.60 / 100G,/shop/productdetails/36369/uncle-tobys-vita-brits-breakfast-cereal
35962,Masterfoods Tarragon Leaves 7g,$3.65 ,$5.21 / 10G,/shop/productdetails/35962/masterfoods-tarragon-leaves
10848,Spam Ham Lite 340g,$5.00 ,$14.71 / 1KG,/shop/productdetails/10848/spam-ham-lite
92153,Masterfoods Steak Seasoning 45g,$4.00 ,$0.89 / 10G,/shop/productdetails/92153/masterfoods-steak-seasoning
152363,Lee Kum Kee Soy Sauce 150ml,$3.00 ,$2.00 / 100ML,/shop/productdetails/152363/lee-kum-kee-soy-sauce
658537,Sanitarium Weet-bix Cholesterol Lowering Breakfast Cereal 440g,$7.00 ,$1.59 / 100G,/shop/productdetails/658537/sanitarium-weet-bix-cholesterol-lowering-breakfast-cereal
34444,Fountain Steak Sauce 250ml,$3.00 ,$1.20 / 100ML,/shop/productdetails/34444/fountain-steak-sauce
73595,John West Salmon Pink 415g,$8.50 ,$20.48 / 1KG,/shop/productdetails/73595/john-west-salmon-pink
262265,Old El Paso Crispy Chicken Soft Taco 370g,$8.50 ,$2.30 / 100G,/shop/productdetails/262265/old-el-paso-crispy-chicken-soft-taco-mexican-style
701318,Twinings Cranberry & Pomegranate Tea Bags 10 Pack,$2.00 ,$0.20 / 1EA,/shop/productdetails/701318/twinings-cranberry-pomegranate-tea-bags
72617,Twinings Earl Grey Tea Bags 100 Pack,$13.50 ,$0.14 / 1EA,/shop/productdetails/72617/twinings-earl-grey-tea-bags-tea-bags
34559,Campbell's Real Stock Chicken Liquid Stock 500ml,$2.75 ,$0.55 / 100ML,/shop/productdetails/34559/campbell-s-real-stock-chicken-liquid-stock
370455,Kikkoman Soy Sauce Gluten Free Soy 250ml,$5.30 ,$2.12 / 100ML,/shop/productdetails/370455/kikkoman-soy-sauce-gluten-free-soy
306971,Fountain Barbecue Bbq Sauce 500ml,$2.00 ,$0.40 / 100ML,/shop/productdetails/306971/fountain-barbecue-bbq-sauce-squeeze
931157,Twinings Pure Camomile Tea Bags 10 Pack,$2.00 ,$0.20 / 1EA,/shop/productdetails/931157/twinings-pure-camomile-tea-bags-bags
33282,Essentials Plain Flour 1kg,$1.20 ,$1.20 / 1KG,/shop/productdetails/33282/essentials-plain-flour
828503,Heinz Classic Creamy Chicken & Mushroom Soup Ready Meals 520g,$3.90 ,$0.75 / 100G,/shop/productdetails/828503/heinz-classic-creamy-chicken-mushroom-soup-ready-meals
36359,Spc Baked Beans Rich Tomato 425g,$1.70 ,$0.40 / 100G,/shop/productdetails/36359/spc-baked-beans-rich-tomato-tomato-sauce
45795,Campbell's Country Ladle Soup Butternut Pumpkin 505g,$2.25 ,$0.45 / 100G,/shop/productdetails/45795/campbell-s-country-ladle-soup-butternut-pumpkin
789306,Quarter Past Vanilla Coffee Syrup 250ml,$5.00 ,$2.00 / 100ML,/shop/productdetails/789306/quarter-past-vanilla-coffee-syrup-vanilla
784997,Abc Kecap Manis Sweet Soy Sauce 600ml,$5.60 ,$0.93 / 100ML,/shop/productdetails/784997/abc-kecap-manis-sweet-soy-sauce
94620,Hoyts Rosemary 25g,$1.70 ,$0.68 / 10G,/shop/productdetails/94620/hoyts-rosemary
333917,Mission Multigrain Tortillas 8 Pack,$4.20 ,$1.09 / 100G,/shop/productdetails/333917/mission-multigrain-tortillas
69345,John West Tuna Slices In Springwater 125g,$3.80 ,$30.40 / 1KG,/shop/productdetails/69345/john-west-tuna-slices-in-springwater
765751,Sirena Tuna Springwater In Springwater 425g,$6.50 ,$15.29 / 1KG,/shop/productdetails/765751/sirena-tuna-springwater-in-springwater
177972,Indomie Mi Goreng Instant Noodles 5 Pack 425g,$3.95 ,$0.93 / 100G,/shop/productdetails/177972/indomie-mi-goreng-instant-noodles
89754,Macro Australian Sultanas 1kg,$9.00 ,$9.00 / 1KG,/shop/productdetails/89754/macro-australian-sultanas
53629,King Oscar Sardines Olive Oil 105g,$2.75 ,$26.19 / 1KG,/shop/productdetails/53629/king-oscar-sardines-olive-oil
792122,Sunrice Heat & Serve Rice & Quinoa 250g,$3.50 ,$1.40 / 100G,/shop/productdetails/792122/sunrice-heat-serve-rice-quinoa
10490,Spc Spaghetti Cheesy Cheddar 420g,$1.70 ,$0.40 / 100G,/shop/productdetails/10490/spc-spaghetti-cheesy-cheddar-cheesy-cheddar-sauce
318680,Twinings Pure Green Tea Bags 100 Pack,$13.50 ,$0.14 / 1EA,/shop/productdetails/318680/twinings-pure-green-tea-bags-bags
44079,Edgell Super Sweet Corn Kernels Super Sweet 420g,$2.50 ,$5.95 / 1KG,/shop/productdetails/44079/edgell-super-sweet-corn-kernels-super-sweet
210709,Hakubaku Organic Japanese Udon Noodle 270g,$4.00 ,$1.48 / 100G,/shop/productdetails/210709/hakubaku-organic-japanese-udon-noodle
29077,Dollar Sweets Bright 160g,$2.30 ,$1.44 / 100G,/shop/productdetails/29077/dollar-sweets-bright
272188,Tilda Microwave Steamed Pure Basmati Rice 250g,$3.50 ,$1.40 / 100G,/shop/productdetails/272188/tilda-microwave-steamed-pure-basmati-rice
941586,Woolworths Yellowfin Tuna In Chilli & Oil 95g,$1.30 ,$13.68 / 1KG,/shop/productdetails/941586/woolworths-yellowfin-tuna-in-chilli-oil
41944,Twinings Earl Grey Tea Bags 10 Pack,$2.00 ,$0.20 / 1EA,/shop/productdetails/41944/twinings-earl-grey-tea-bags-tea-bags
37184,Campbell's Spaghetti Sauce With Beef With Beef 410g,$3.40 ,$0.83 / 100G,/shop/productdetails/37184/campbell-s-spaghetti-sauce-with-beef-with-beef
142839,Continental Cup A Soup Asian Laksa 2 Pack 65g,$2.80 ,$4.31 / 100G,/shop/productdetails/142839/continental-cup-a-soup-asian-laksa-2-pack
9782,Suimin Oriental Chicken Cup 70g,$1.85 ,$2.64 / 100G,/shop/productdetails/9782/suimin-oriental-chicken-cup
35617,Vitasoy Original Soy Milk 1l,$3.00 ,$3.00 / 1L,/shop/productdetails/35617/vitasoy-original-soy-milk
10305,San Remo Trivelle Pasta 500g,$2.30 ,$0.46 / 100G,/shop/productdetails/10305/san-remo-trivelle-pasta
33183,Sunrice White Rice Calrose Medium Grain 1kg,$3.20 ,$0.32 / 100G,/shop/productdetails/33183/sunrice-white-rice-calrose-medium-grain
700638,Macro Organic Chickpeas 425g,$1.50 ,$0.35 / 100G,/shop/productdetails/700638/macro-organic-chickpeas
131555,Mutti Parma Polpa Finely Chopped Tomatoes With Basil 400g,$2.20 ,$5.50 / 1KG,/shop/productdetails/131555/mutti-parma-polpa-finely-chopped-tomatoes-with-basil
167239,John West Protein+ Vitamin B12 Tuna Bowl Couscous Rice Tomato & Onion 170g,$4.00 ,$23.53 / 1KG,/shop/productdetails/167239/john-west-protein-vitamin-b12-tuna-bowl-couscous-rice-tomato-onion
182271,Masterfoods Recipe Base Beef Stroganoff 175g,$2.80 ,$1.60 / 100G,/shop/productdetails/182271/masterfoods-recipe-base-beef-stroganoff
473597,Yoodles Brown Rice Noodles Chicken 70g,$2.30 ,$3.29 / 100G,/shop/productdetails/473597/yoodles-brown-rice-noodles-chicken
306498,Saxa Iodised Rock Salt 500g,$2.80 ,$0.06 / 10G,/shop/productdetails/306498/saxa-iodised-rock-salt-salt
576100,Taylors Of Harrogate Yorkshire Extra Strong Tea Bags 100 Pack,$7.50 ,$0.08 / 1EA,/shop/productdetails/576100/taylors-of-harrogate-yorkshire-extra-strong-tea-bags
678656,Continental Vegetable Liquid Stock Vegetable Stock 1l,$4.00 ,$0.40 / 100ML,/shop/productdetails/678656/continental-vegetable-liquid-stock-vegetable-stock
321220,Woolworths Rolled Traditional Oats 750g,$1.40 ,$0.19 / 100G,/shop/productdetails/321220/woolworths-rolled-traditional-oats
81686,Continental Soup Sensations Sweet Potato Pumpkin & Caramelised Onion 63g,$2.50 ,$3.97 / 100G,/shop/productdetails/81686/continental-soup-sensations-sweet-potato-pumpkin-caramelised-onion
89758,Woolworths Walnuts Pieces 250g,$6.30 ,$25.20 / 1KG,/shop/productdetails/89758/woolworths-walnuts-pieces
2883,Spc Spaghetti Rich Tomato 140g X 4 Pack,$4.00 ,$0.71 / 100G,/shop/productdetails/2883/spc-spaghetti-rich-tomato
655425,Huy Fong Sriracha Hot Chilli Sauce 740ml,N/A,N/A,/shop/productdetails/655425/huy-fong-sriracha-hot-chilli-sauce
123892,Mr Chen's Vermicelli Rice Noodles 300g,$2.15 ,$0.72 / 100G,/shop/productdetails/123892/mr-chen-s-vermicelli-rice-noodles
52604,Mutti Polpa Chopped Tomato 210g,$1.00 ,$4.76 / 1KG,/shop/productdetails/52604/mutti-polpa-chopped-tomato
35960,Masterfoods Ground Sage Leaves 20g,$2.75 ,$1.38 / 10G,/shop/productdetails/35960/masterfoods-ground-sage-leaves
259401,Woolworths Red Kidney Beans No Added Salt 420g,$1.00 ,$0.24 / 100G,/shop/productdetails/259401/woolworths-red-kidney-beans-no-added-salt
510428,Belvita Strawberry Yoghurt Breakfast Biscuits 5 Pack,$4.50 ,$1.78 / 100G,/shop/productdetails/510428/belvita-strawberry-yoghurt-breakfast-biscuits
194216,Woolworths Tuna Tikka Masala 95g,$1.10 ,$11.58 / 1KG,/shop/productdetails/194216/woolworths-tuna-tikka-masala
144283,Campbell's Real Stock Chicken Salt Reduced Liquid Stock 1l,$2.25 ,$0.23 / 100ML,/shop/productdetails/144283/campbell-s-real-stock-chicken-salt-reduced-liquid-stock
939282,Smooze Mango & Coconut 8x65ml,$5.25 ,$1.01 / 100ML,/shop/productdetails/939282/smooze-mango-coconut
259593,"Leggos Pizza Sauce Garlic, Onion & Herbs Squeeze 400g",$4.00 ,$1.00 / 100G,/shop/productdetails/259593/leggo-s-pizza-sauce-garlic-onion-herbs-squeeze
491609,Dollar Sweets Bright Sprinkles Jar 90g,$3.50 ,$3.89 / 100G,/shop/productdetails/491609/dollar-sweets-bright-sprinkles-jar
44857,Dragon And Phoenix Ingredients Fried Shallot 100g,$3.20 ,$3.20 / 100G,/shop/productdetails/44857/dragon-and-phoenix-ingredients-fried-shallot
931160,Twinings Tea Bags Lemon & Ginger 80 Pack,$13.50 ,$0.17 / 1EA,/shop/productdetails/931160/twinings-tea-bags-lemon-ginger
33557,Devondale 100% Pure Full Cream Long Life Milk 1l,$2.20 ,$2.20 / 1L,/shop/productdetails/33557/devondale-100-pure-full-cream-long-life-milk
33948,Kikkoman Marinade Teriyaki 250ml,$3.30 ,$1.32 / 100ML,/shop/productdetails/33948/kikkoman-marinade-teriyaki
36756,San Remo Spirals Large Pasta 500g,$2.30 ,$0.46 / 100G,/shop/productdetails/36756/san-remo-spirals-large-pasta
64139,Sirena Tuna Tomato & Basil 95g,$2.95 ,$31.05 / 1KG,/shop/productdetails/64139/sirena-tuna-tomato-basil
785764,Praise Seafood Sauce 250ml,$3.50 ,$1.40 / 100ML,/shop/productdetails/785764/praise-seafood-sauce
678699,Maggie Beer Natural Vegetable Stock 500ml,$5.50 ,$1.10 / 100ML,/shop/productdetails/678699/maggie-beer-natural-vegetable-stock
157659,John West Calcium Rich Tuna Springwater 90g,$2.00 ,$22.22 / 1KG,/shop/productdetails/157659/john-west-calcium-rich-tuna-springwater
33924,John West Salmon Red 105g,$6.50 ,$61.90 / 1KG,/shop/productdetails/33924/john-west-salmon-red
131557,Mutti Polpa Finely Chopped Tomatoes With Garlic 400g,$2.20 ,$5.50 / 1KG,/shop/productdetails/131557/mutti-polpa-finely-chopped-tomatoes-with-garlic
777201,Woolworths Free From Gluten Ingredients Tortilla Corn 280g,$3.20 ,$1.14 / 100G,/shop/productdetails/777201/woolworths-free-from-gluten-ingredients-tortilla-corn
45777,Campbell's Country Ladle Soup Minestrone 495g,$2.25 ,$0.45 / 100G,/shop/productdetails/45777/campbell-s-country-ladle-soup-minestrone
764820,Masterfoods Beef Stroganoff Simmer Sauce 495g,$4.50 ,$0.91 / 100G,/shop/productdetails/764820/masterfoods-beef-stroganoff-simmer-sauce
98906,Barilla Pasta Spaghettoni 500g,$3.50 ,$0.70 / 100G,/shop/productdetails/98906/barilla-pasta-spaghettoni-no-7-pasta-spaghettoni
93700,Csr Original Treacle 850g,$5.45 ,$0.64 / 100G,/shop/productdetails/93700/csr-original-treacle
74791,La Molisana Pastificio Extra Di Lusso Rigatoni Divini 500g,$2.80 ,$0.56 / 100G,/shop/productdetails/74791/la-molisana-pastificio-extra-di-lusso-rigatoni-divini
249573,Massel Gourmet Liquid Stock Chicken 1l,$4.00 ,$0.40 / 100ML,/shop/productdetails/249573/massel-gourmet-liquid-stock-chicken
255100,Annalisa Tomatoes Cherry In Tomato Juice 400g,$1.80 ,$4.50 / 1KG,/shop/productdetails/255100/annalisa-tomatoes-cherry-in-tomato-juice
115632,Essentials Icing Sugar Mixture 1kg,$3.60 ,$0.36 / 100G,/shop/productdetails/115632/essentials-icing-sugar-mixture
251020,Woolworths Garlic Powder 50g,$2.30 ,$0.46 / 10G,/shop/productdetails/251020/woolworths-garlic-powder
717762,Obento Japanese Sushi & Sashimi Soy Sauce 250ml,$3.60 ,$1.44 / 100ML,/shop/productdetails/717762/obento-japanese-sushi-sashimi-soy-sauce
310256,Woolworths Chicken Liquid Stock Salt Reduced 1l,$1.90 ,$0.19 / 100ML,/shop/productdetails/310256/woolworths-chicken-liquid-stock-salt-reduced
117241,Vegeta Chicken Stock Powder 200g,$4.50 ,$0.23 / 10G,/shop/productdetails/117241/vegeta-chicken-stock-powder
82796,Continental Soup Sensations Creamy Roast Chicken & Spring Onion 30.5g X 2 Pack,$2.50 ,$4.10 / 100G,/shop/productdetails/82796/continental-soup-sensations-creamy-roast-chicken-spring-onion
728344,Higher Living Rooibos African Tea 40 Pack,$5.50 ,$0.14 / 1EA,/shop/productdetails/728344/higher-living-rooibos-african-tea
825514,Masterfoods Curried Sausages Simmer Sauce 500g,$4.50 ,$0.90 / 100G,/shop/productdetails/825514/masterfoods-curried-sausages-simmer-sauce
167863,Sanitarium Up&go Liquid Breakfast Choc Ice 6 Pack,$10.50 ,$7.00 / 1L,/shop/productdetails/167863/sanitarium-up-go-liquid-breakfast-choc-ice
204677,Campbell's Country Ladle Soup Creamy Chicken 500g,$2.25 ,$0.45 / 100G,/shop/productdetails/204677/campbell-s-country-ladle-soup-creamy-chicken
83997,Sa Gourmet Food Co Tuscan Style Tomato & Basil Soup 430g,$3.00 ,$0.70 / 100G,/shop/productdetails/83997/sa-gourmet-food-co-tuscan-style-tomato-basil-soup
888464,Twinings Pure Camomile Tea Bags 80 Pack,$13.50 ,$0.17 / 1EA,/shop/productdetails/888464/twinings-pure-camomile-tea-bags
73863,Woolworths Barbecue Sauce 2l,$4.70 ,$0.24 / 100ML,/shop/productdetails/73863/woolworths-barbecue-sauce
34927,John West Salmon Pink 105g,$3.50 ,$33.33 / 1KG,/shop/productdetails/34927/john-west-salmon-pink
481200,Obento Marinade Teriyaki 250ml,$3.30 ,$1.32 / 100ML,N/A
941593,Woolworths Yellowfin Tuna In Oil 425g,$4.00 ,$9.41 / 1KG,N/A
433284,Maharajah's Choice Turmeric Spice 250g,$2.00 ,$0.08 / 10G,N/A
698733,Heinz Spaghetti The One For All Pasta Tin Spaghetti Cheese 535g,$2.80 ,$0.52 / 100G,N/A
790391,Obento Japanese Cooking Sake 250ml,$3.60 ,$1.44 / 100ML,N/A
34927,Sole Mare Portuguese Style Sardines 120g,$3.00 ,$25.00 / 1KG,N/A
679990,Woolworths Maple Flavoured Syrup 375g,$2.50 ,$0.67 / 100G,N/A
757555,Gravox Parsley White Finishing Sauce Liquid Pouch 165g,$2.80 ,$1.70 / 100G,/shop/productdetails/757555/gravox-parsley-white-finishing-sauce-liquid-pouch
745386,Woolworths Large Pasta Shells 500g,$1.00 ,$0.20 / 100G,/shop/productdetails/745386/woolworths-large-pasta-shells
627085,Amoy White Rice Wine Vinegar 250ml,$3.50 ,$1.40 / 100ML,/shop/productdetails/627085/amoy-white-rice-wine-vinegar
33142,Csr Brown Sugar 500g,$2.50 ,$0.50 / 100G,/shop/productdetails/33142/csr-brown-sugar
758374,Kan Tong Pineapple Sweet & Sour Stir Fry Sauce 515g,$3.00 ,$0.58 / 100G,/shop/productdetails/758374/kan-tong-pineapple-sweet-sour-stir-fry-sauce
283136,Robert Timms Italian Espresso Style Coffee Bags 28 Pack,$13.50 ,$0.48 / 1EA,/shop/productdetails/283136/robert-timms-italian-espresso-style-coffee-bags
83114,Vitasoy Soy & Protein Unsweetened Milk 1l,$3.60 ,$3.60 / 1L,/shop/productdetails/83114/vitasoy-soy-protein-unsweetened-milk
717255,Sanitarium Up&go Liquid Breakfast Choc Ice 12 Pack,$15.80 ,$5.27 / 1L,/shop/productdetails/717255/sanitarium-up-go-liquid-breakfast-choc-ice
791152,Twinings Orange & Cinnamon Tea Bags 10 Pack,$2.00 ,$0.20 / 1EA,/shop/productdetails/791152/twinings-orange-cinnamon-tea-bags-tea
144709,Campbell's Country Ladle Soup Hearty Beef & Vegetable 500g,$2.25 ,$0.45 / 100G,/shop/productdetails/144709/campbell-s-country-ladle-soup-hearty-beef-vegetable
587903,Lipton Quality Black Tea Bags 200 Pack,$8.00 ,$0.04 / 1EA,/shop/productdetails/587903/lipton-quality-black-tea-bags
11252,San Remo Tagliatelle Egg Noodle Pasta 250g,$1.60 ,$0.64 / 100G,/shop/productdetails/11252/san-remo-tagliatelle-egg-noodle-pasta
799813,Woolworths Free From Lactose Lite Milk 1l,$2.00 ,$2.00 / 1L,/shop/productdetails/799813/woolworths-free-from-lactose-lite-milk
211270,John West Salmon Slices Smoked 125g,$3.80 ,$30.40 / 1KG,/shop/productdetails/211270/john-west-salmon-slices-smoked
476441,Woolworths Himalayan Pink Fine Table Salt 750g,$4.70 ,$0.06 / 10G,/shop/productdetails/476441/woolworths-himalayan-pink-fine-table-salt
38844,Brunswick Sardines Tomato Sauce 106g,$2.90 ,$27.36 / 1KG,/shop/productdetails/38844/brunswick-sardines-tomato-sauce
311466,Sunrice Microwave Long Grain White Rice Family 450g,$4.00 ,$0.89 / 100G,/shop/productdetails/311466/sunrice-microwave-long-grain-white-rice-family
665840,Sugarless Stevia Organic 350g,$6.99 ,$2.00 / 100G,/shop/productdetails/665840/sugarless-stevia-organic
49119,Erawan Tapioca Starch 500g,$1.70 ,$0.34 / 100G,/shop/productdetails/49119/erawan-tapioca-starch
306491,Saxa Natural Australian Salt Traditional Cooking Seasoning 1kg,$2.20 ,$0.02 / 10G,/shop/productdetails/306491/saxa-natural-australian-salt-traditional-cooking-seasoning
98520,John West Tuna Slices Smoked In Olive Oil 125g,$3.80 ,$30.40 / 1KG,/shop/productdetails/98520/john-west-tuna-slices-smoked-in-olive-oil
343883,Suimin Mi Goreng Noodle Cup 70g,$1.85 ,$2.64 / 100G,/shop/productdetails/343883/suimin-mi-goreng-noodle-cup
370259,Campbell's Country Ladle Soup Chicken Noodle 500g,$2.25 ,$0.45 / 100G,/shop/productdetails/370259/campbell-s-country-ladle-soup-chicken-noodle
245581,Campbell's Chunky Soup Roast Chicken & Vegetable 505g,$2.25 ,$0.45 / 100G,/shop/productdetails/245581/campbell-s-chunky-soup-roast-chicken-vegetable
94625,Hoyts Turmeric 25g,$1.80 ,$0.72 / 10G,/shop/productdetails/94625/hoyts-turmeric
30644,Leggo's Sundried Tomato Garlic Stir Through Sauce 350g,$5.30 ,$1.51 / 100G,/shop/productdetails/30644/leggo-s-sundried-tomato-garlic-stir-through-sauce
89756,Macro Seed Mix With Pepitas & Sunflower Seeds 250g,$4.50 ,$18.00 / 1KG,/shop/productdetails/89756/macro-seed-mix-with-pepitas-sunflower-seeds
144785,Woolworths Fresh Continental Parsley Bunch,$3.20 ,$3.20 / 1EA,/shop/productdetails/144785/woolworths-fresh-continental-parsley-fresh-herb
142004,Sa Gourmet Food Co Condensed Tomato Soup 500g,$2.00 ,$0.40 / 100G,/shop/productdetails/142004/sa-gourmet-food-co-condensed-tomato-soup
148781,Vitasoy Oat Milky Uht Milk 1l,$3.00 ,$3.00 / 1L,/shop/productdetails/148781/vitasoy-oat-milky-uht-milk
16892,Double Pheonix Vermicelli Green Bean 100g,$1.00 ,$1.00 / 100G,/shop/productdetails/16892/double-pheonix-vermicelli-green-bean
94622,Hoyts Sesame Seeds 100g,$3.00 ,$0.30 / 10G,/shop/productdetails/94622/hoyts-sesame-seeds
37420,Queen Organic Vanilla Extract 100ml,$6.20 ,$0.62 / 10ML,/shop/productdetails/37420/queen-organic-vanilla-extract
91920,Trident Instant Soup Thai Chicken With Noodles 50g,$1.25 ,$2.50 / 100G,/shop/productdetails/91920/trident-instant-soup-thai-chicken-with-noodles
33457,Paramount Salmon Pure Pink 100g,$3.30 ,$33.00 / 1KG,/shop/productdetails/33457/paramount-salmon-pure-pink
780921,Woolworths Salsa Chunky Medium 375g,$3.50 ,$0.93 / 100G,/shop/productdetails/780921/woolworths-salsa-chunky-medium
808422,La Gina Peeled Tomatoes 400g,$1.80 ,$0.45 / 100G,/shop/productdetails/808422/la-gina-peeled-tomatoes
137673,Mission Mild Salsa Chunky 300g,$4.40 ,$1.47 / 100G,/shop/productdetails/137673/mission-mild-salsa-chunky
251130,Woolworths Paprika Ground 30g,$1.60 ,$0.53 / 10G,/shop/productdetails/251130/woolworths-paprika-ground
346831,Woolworths Pasta Penne Rigate 500g,$1.00 ,$0.20 / 100G,/shop/productdetails/346831/woolworths-pasta-penne-rigate
49315,Spc Spaghetti Tomato & Cheese Sauce 220g X 4 Pack,$6.00 ,$0.68 / 100G,/shop/productdetails/49315/spc-spaghetti-tomato-cheese-sauce
247332,Campbell's Chunky Soup Irish Stew Style 505g,$2.25 ,$0.45 / 100G,/shop/productdetails/247332/campbell-s-chunky-soup-irish-stew-style
93351,Campbell's Real Stock Beef Liquid Stock 500ml,$2.75 ,$0.55 / 100ML,/shop/productdetails/93351/campbell-s-real-stock-beef-liquid-stock
215451,Macro Organic Spirals Pasta 500g,$1.65 ,$0.33 / 100G,/shop/productdetails/215451/macro-organic-spirals-pasta
63665,Woolworths Basmati Rice Microwave Cup 2 X125g,$2.20 ,$0.88 / 100G,/shop/productdetails/63665/woolworths-basmati-rice-microwave-cup
656967,San Remo Gluten Free Spaghetti 350g,$4.50 ,$1.29 / 100G,/shop/productdetails/656967/san-remo-gluten-free-spaghetti
6177,San Remo Spirals Vegeroni 375g,$2.30 ,$0.61 / 100G,/shop/productdetails/6177/san-remo-spirals-vegeroni
465135,Always Fresh Traditional Sauerkraut 460g,$3.80 ,$8.26 / 1KG,/shop/productdetails/465135/always-fresh-traditional-sauerkraut
941583,Woolworths Yellowfin Tuna In Springwater 95g,$1.30 ,$13.68 / 1KG,/shop/productdetails/941583/woolworths-yellowfin-tuna-in-springwater
235515,John West Wild Caught Salmon In Springwater 200g,$3.70 ,$18.50 / 1KG,/shop/productdetails/235515/john-west-wild-caught-salmon-in-springwater
68721,Mingle Taco Mexican Fiesta Spice Blend 30g,$1.95 ,$0.65 / 10G,/shop/productdetails/68721/mingle-taco-mexican-fiesta-spice-blend
93453,Old El Paso Taco Kit Mexican Style Taco Kit 290g,$8.50 ,$2.93 / 100G,/shop/productdetails/93453/old-el-paso-taco-kit-mexican-style-taco-kit
346058,Splenda Sweetener Sachets 100g,$6.50 ,$0.07 / 1EA,/shop/productdetails/346058/splenda-sweetener-sachets
33181,Sunrice White Rice Calrose Medium Grain 2kg,$7.70 ,$0.39 / 100G,/shop/productdetails/33181/sunrice-white-rice-calrose-medium-grain
83611,Sa Gourmet Food Co Creamy Chicken & Sweet Corn Soup 430g,$3.00 ,$0.70 / 100G,/shop/productdetails/83611/sa-gourmet-food-co-creamy-chicken-sweet-corn-soup
758444,Dolmio Traditional Recipe Classic Tomato Pasta Sauce 500g,$2.50 ,$0.50 / 100G,/shop/productdetails/758444/dolmio-traditional-recipe-classic-tomato-pasta-sauce
228978,Poonsin Vietnamese Dipping Sauce For Spring Roll 300ml,$3.40 ,$1.13 / 100ML,/shop/productdetails/228978/poonsin-vietnamese-dipping-sauce-for-spring-roll
157595,Simson's Pantry Authentic Roti Garlic 6 Pack,$4.00 ,$1.48 / 100G,/shop/productdetails/157595/simson-s-pantry-authentic-roti-garlic
629206,Wattie's Baked Beans In Tomato Sauce 420g,$2.20 ,$0.52 / 100G,/shop/productdetails/629206/wattie-s-baked-beans-in-tomato-sauce-in-tomato-sauce
82417,Continental Soup Sensations Farmhouse Potato & Leek Serves 2 60g,$2.50 ,$4.17 / 100G,/shop/productdetails/82417/continental-soup-sensations-farmhouse-potato-leek-serves-2
329036,Stevia Sweet Granulated Sachets 50 Pack,$5.80 ,$11.60 / 100EA,/shop/productdetails/329036/stevia-sweet-granulated-sachets
133621,Woolworths Green Basil Bunch,N/A,N/A,/shop/productdetails/133621/woolworths-green-basil
777837,Kan Tong Honey Teriyaki Stir Fry Sauce 510g,$3.00 ,$0.59 / 100G,/shop/productdetails/777837/kan-tong-honey-teriyaki-stir-fry-sauce
257374,Sirena Tuna Slices Chilli & Oil 125g,$3.90 ,$31.20 / 1KG,/shop/productdetails/257374/sirena-tuna-slices-chilli-oil
627500,Ayam Light Soy Sauce 210ml,$3.50 ,$1.67 / 100ML,/shop/productdetails/627500/ayam-light-soy-sauce
926885,Vitasoy Almond Milk Unsweetened 1l,$3.30 ,$3.30 / 1L,/shop/productdetails/926885/vitasoy-almond-milk-unsweetened
750405,Twinings Chai Vanilla Tea Bags 10 Pack,$2.00 ,$0.20 / 1EA,/shop/productdetails/750405/twinings-chai-vanilla-tea-bags-chai-tea
82418,Continental Soup Sensations Harvest Pumpkin & Sour Cream Serves 2 70g,$2.50 ,$3.57 / 100G,/shop/productdetails/82418/continental-soup-sensations-harvest-pumpkin-sour-cream-serves-2
702119,Natural Himalayan Salt Grinder 390g,$6.50 ,$0.17 / 10G,/shop/productdetails/702119/natural-himalayan-salt-grinder
329037,Stevia Sweet Granulated Jar 75g,$8.80 ,$11.73 / 100G,/shop/productdetails/329037/stevia-sweet-granulated-jar
253673,Suimin Hot & Spicy Noodle Cup 70g,$1.85 ,$2.64 / 100G,/shop/productdetails/253673/suimin-hot-spicy-noodle-cup
87017,Woolworths Tuna & Crackers Snack Pack Thousand Island 112g,$2.10 ,$18.75 / 1KG,/shop/productdetails/87017/woolworths-tuna-crackers-snack-pack-thousand-island
707366,Woolworths Lemon Thyme Fresh Herb Punnet 10g,$3.20 ,$3.20 / 10G,/shop/productdetails/707366/woolworths-lemon-thyme-fresh-herb-punnet
252246,Safcol Salmon Smoked 95g,$2.00 ,$21.05 / 1KG,/shop/productdetails/252246/safcol-salmon-smoked
261735,Ben's Original Savoury Chicken Flavour Microwave Rice Pouch 250g,$3.00 ,$1.20 / 100G,/shop/productdetails/261735/ben-s-original-savoury-chicken-flavour-microwave-rice-pouch
77384,Woolworths Minced Garlic 250g,$1.25 ,$0.05 / 10G,/shop/productdetails/77384/woolworths-minced-garlic
433428,Continental Cup A Soup Homestyle Pumpkin 61g,$2.80 ,$4.59 / 100G,/shop/productdetails/433428/continental-cup-a-soup-homestyle-pumpkin
59704,Starbucks By Nespresso Espresso Roast Coffee Pods 10 Pack,$7.90 ,$0.79 / 1EA,/shop/productdetails/59704/starbucks-by-nespresso-espresso-roast-coffee-pods
650297,Stevia Sweet Tablets 220 Pack,$8.60 ,$0.04 / 1EA,/shop/productdetails/650297/stevia-sweet-tablets
714439,Twinings Australian Afternoon Black Tea Bags 10 Pack,$2.00 ,$0.20 / 1EA,/shop/productdetails/714439/twinings-australian-afternoon-black-tea-bags
701706,Kellogg's Nutri Grain Protein Breakfast Cereal 290g,$7.00 ,$2.41 / 100G,/shop/productdetails/701706/kelloggs-nutri-grain-protein-breakfast-cereal
182267,Masterfoods Teriyaki Chicken Stir Fry Recipe Base 175g,$2.80 ,$1.60 / 100G,/shop/productdetails/182267/masterfoods-teriyaki-chicken-stir-fry-recipe-base
201809,Uncle Tobys Shredded Wheat Breakfast Cereal 270g,$6.50 ,$2.41 / 100G,/shop/productdetails/201809/uncle-tobys-shredded-wheat-breakfast-cereal
765711,Cottee's Thick 'n' Rich Chocolate Sauce Ice Cream Topping 615g,$3.80 ,$0.62 / 100G,/shop/productdetails/765711/cottee-s-thick-n-rich-chocolate-sauce-ice-cream-topping
549096,John West Sardines Lemon Garlic & Chilli 110g,$3.00 ,$27.27 / 1KG,/shop/productdetails/549096/john-west-sardines-lemon-garlic-chilli
209424,Vitasoy Rice Milk 1l,$3.30 ,$3.30 / 1L,/shop/productdetails/209424/vitasoy-rice-milk
167602,Heinz Classic Pea & Ham Soup Canned Soup Ready Meals 535g,$3.90 ,$0.73 / 100G,/shop/productdetails/167602/heinz-classic-pea-ham-soup-canned-soup-ready-meals
186446,Masterfoods Recipe Base Curried Sausages 175g,$2.80 ,$1.60 / 100G,/shop/productdetails/186446/masterfoods-recipe-base-curried-sausages
680471,Old El Paso Gluten Free Tortilla Fajitas 216g,$4.80 ,$2.22 / 100G,/shop/productdetails/680471/old-el-paso-gluten-free-tortilla-fajitas
355469,Saxa Natural Sea Salt Flakes 200g,$9.50 ,$0.48 / 10G,/shop/productdetails/355469/saxa-natural-sea-salt-flakes-flakes
117547,Vetta Smart Protein Spirals Pasta 375g,$2.50 ,$0.67 / 100G,/shop/productdetails/117547/vetta-smart-protein-spirals-pasta
674638,Woolworths Salmon Lemon & Thyme 95g,$1.40 ,$14.74 / 1KG,/shop/productdetails/674638/woolworths-salmon-lemon-thyme
215455,Macro Organic Soy Long Life Milk 1l,N/A,N/A,/shop/productdetails/215455/macro-organic-soy-long-life-milk
75816,Sunrice White Rice Calrose Medium Grain 10kg,$38.00 ,$0.38 / 100G,/shop/productdetails/75816/sunrice-white-rice-calrose-medium-grain
319056,Nerada Organic Rooibos & Vanilla Tea Bags 50 Pack,$4.25 ,$0.09 / 1EA,/shop/productdetails/319056/nerada-organic-rooibos-vanilla-tea-bags
54381,Continental Recipe Base Beef Stroganoff 40g,$1.80 ,$4.50 / 100G,/shop/productdetails/54381/continental-recipe-base-beef-stroganoff
622972,Wokka Udon Noodles 440g,$2.70 ,$0.61 / 100G,/shop/productdetails/622972/wokka-udon-noodles
794766,Massel 7's Chicken Cubes Gluten Free 35g,$1.00 ,$0.29 / 10G,/shop/productdetails/794766/massel-7-s-chicken-cubes-gluten-free
856165,Heinz Classic Potato & Leek Soup Canned Vegetable Soup 535g,$3.90 ,$0.73 / 100G,/shop/productdetails/856165/heinz-classic-potato-leek-soup-canned-vegetable-soup
32714,Oxo Chicken Stock Cubes 71g,$2.80 ,$0.39 / 10G,/shop/productdetails/32714/oxo-chicken-stock-cubes
714457,Twinings Australian Afternoon Tea Bags 100 Pack,$13.50 ,$0.14 / 1EA,/shop/productdetails/714457/twinings-australian-afternoon-tea-bags-tea-bags
33185,Lion Tapioca Pearls 375g,$3.90 ,$1.04 / 100G,/shop/productdetails/33185/lion-tapioca-pearls
235131,Macro Natural Semolina Flour 925g,$4.75 ,$5.14 / 1KG,/shop/productdetails/235131/macro-natural-semolina-flour
786237,Queen Organic Vanilla Bean Paste 140g,$16.50 ,$11.79 / 100G,/shop/productdetails/786237/queen-organic-vanilla-bean-paste
672828,Woolworths Tuna Mayo & Corn With Crackers 112g,$2.10 ,$18.75 / 1KG,/shop/productdetails/672828/woolworths-tuna-mayo-corn-with-crackers
82711,Continental Soup Sensations Cheesy Broccoli & Potato Serves 2 56g,$2.50 ,$4.46 / 100G,/shop/productdetails/82711/continental-soup-sensations-cheesy-broccoli-potato-serves-2
16307,Sanitarium So Good Long Life Lite Soy Milk 1l,$2.20 ,$2.20 / 1L,/shop/productdetails/16307/sanitarium-so-good-long-life-lite-soy-milk
768911,Sanitarium Up&go Protein Energize Choc 250ml X12 Pack,$15.80 ,$5.27 / 1L,/shop/productdetails/768911/sanitarium-up-go-protein-energize-choc
829549,Twinings English Breakfast Extra Strong Tea Bags 10 Pack,$2.00 ,$0.20 / 1EA,/shop/productdetails/829549/twinings-english-breakfast-extra-strong-tea-bags
744053,Amoy Sauce Light Soy 500ml,$5.00 ,$1.00 / 100ML,/shop/productdetails/744053/amoy-sauce-light-soy
680480,Mission Yellow Corn Tortilla Strips 230g,$3.50 ,$1.52 / 100G,/shop/productdetails/680480/mission-yellow-corn-tortilla-strips
32465,Oxo Beef Stock Cubes 71g,$2.80 ,$0.39 / 10G,/shop/productdetails/32465/oxo-beef-stock-cubes
792456,Ben's Original Brown Red Wild Rice Medley Microwave Pouch 250g,$3.00 ,$1.20 / 100G,/shop/productdetails/792456/ben-s-original-brown-red-wild-rice-medley-microwave-pouch
134337,Mutti Parma Organic Peeled Tomatoes 400g,N/A,N/A,/shop/productdetails/134337/mutti-parma-organic-peeled-tomatoes
237392,Sirena Tuna Garlic & Chilli In Oil 95g,$2.95 ,$31.05 / 1KG,/shop/productdetails/237392/sirena-tuna-garlic-chilli-in-oil
749870,Campbell's Real Stock Chicken Liquid Stock 250ml,$1.80 ,$0.72 / 100ML,/shop/productdetails/749870/campbell-s-real-stock-chicken-liquid-stock
298476,Woolworths 100% Canadian Maple Syrup 250ml,$6.60 ,$2.64 / 100ML,/shop/productdetails/298476/woolworths-100-canadian-maple-syrup
647762,Woolworths Steak Spice 60g,$3.00 ,$0.50 / 10G,/shop/productdetails/647762/woolworths-steak-spice
827615,Woolworths Australian White Medium Grain Rice 1kg,$3.00 ,$0.30 / 100G,/shop/productdetails/827615/woolworths-australian-white-medium-grain-rice
230367,Devondale Semi Skim Long Life Milk 1l,$2.20 ,$2.20 / 1L,/shop/productdetails/230367/devondale-semi-skim-long-life-milk
828048,Lee Kum Kee Soy Sauce Premium 1.75l,$8.30 ,$0.47 / 100ML,/shop/productdetails/828048/lee-kum-kee-soy-sauce-premium
258381,Sacla Pasta Sauce Basil Cherry Tomato 420g,$3.80 ,$0.90 / 100G,/shop/productdetails/258381/sacla-pasta-sauce-basil-cherry-tomato
30515,Leggo's Stir Through Sauce Roasted Vegetables 350g,$5.30 ,$1.51 / 100G,/shop/productdetails/30515/leggo-s-stir-through-sauce-roasted-vegetables
186410,Massel Stock Powder Chicken 168g,$3.75 ,$0.22 / 10G,/shop/productdetails/186410/massel-stock-powder-chicken
352039,Sunrice Microwave Fragrant Jasmine Rice Family 450g,$4.00 ,$0.89 / 100G,/shop/productdetails/352039/sunrice-microwave-fragrant-jasmine-rice-family
826485,Woolworths Long Angel Hair Pasta 500g,N/A,N/A,/shop/productdetails/826485/woolworths-long-angel-hair-pasta
526015,Woolworths Peach In Strawberry Jelly 4 Pack,$2.20 ,$4.58 / 1KG,/shop/productdetails/526015/woolworths-peach-in-strawberry-jelly
679544,Woolworths Secret Burger Sauce 330ml,$3.00 ,$0.91 / 100ML,/shop/productdetails/679544/woolworths-secret-burger-sauce
80788,Continental Soup Sensations Garden Cauliflower & Four Cheese 31g X 2 Pack,$2.50 ,$4.03 / 100G,/shop/productdetails/80788/continental-soup-sensations-garden-cauliflower-four-cheese
758288,Dolmio Extra Red Wine & Italian Herbs Tomato Pasta Sauce 500g,$3.50 ,$0.70 / 100G,/shop/productdetails/758288/dolmio-extra-red-wine-italian-herbs-tomato-pasta-sauce
270976,Ben's Original Special Fried Microwave Rice Pouch 250g,$3.00 ,$1.20 / 100G,/shop/productdetails/270976/ben-s-original-special-fried-microwave-rice-pouch
663581,Woolworths Black Beans No Added Salt Can 420g,$1.00 ,$0.24 / 100G,/shop/productdetails/663581/woolworths-black-beans-no-added-salt-can
33036,Uncle Tobys Oats Traditonal Rolled Oats Porridge 1kg,$3.25 ,$0.33 / 100G,/shop/productdetails/33036/uncle-tobys-oats-traditonal-rolled-oats-porridge
137091,Woolworths Fresh Herb Coriander Bunch,$3.20 ,$3.20 / 1EA,/shop/productdetails/137091/woolworths-fresh-herb-coriander
16927,Cornwell's Vinegar Malt 750ml,$3.10 ,$0.41 / 100ML,/shop/productdetails/16927/cornwell-s-vinegar-malt
948512,Hershey's Strawberry Syrup 623g,$6.00 ,$0.96 / 100G,/shop/productdetails/948512/hersheys-strawberry-syrup
517467,Annalisa Diced Tomatoes Basil & Oregano 400g,$1.80 ,$4.50 / 1KG,/shop/productdetails/517467/annalisa-diced-tomatoes-basil-oregano
170748,Masterfoods Pure Saffron 250mg,$14.90 ,$596.00 / 10G,/shop/productdetails/170748/masterfoods-pure-saffron
122268,Mr Chen's Udon Noodles 400g,$1.85 ,$0.46 / 100G,/shop/productdetails/122268/mr-chen-s-udon-noodles
169871,Old El Paso Street Market White Corn Tortillas Tacos 10 Pack,$4.50 ,$2.16 / 100G,/shop/productdetails/169871/old-el-paso-street-market-white-corn-tortillas-tacos
198522,Gardener Strawberry Jam 450g,$2.30 ,$0.51 / 100G,/shop/productdetails/198522/gardener-strawberry-jam
167165,John West Protein+ Iron Tuna Bowl With Roasted Capsicum & Beans 170g,$4.00 ,$23.53 / 1KG,/shop/productdetails/167165/john-west-protein-iron-tuna-bowl-with-roasted-capsicum-beans
59352,Starbucks By Nespresso Blonde Espresso Roast Coffee Pods 10 Pack,$7.90 ,$0.79 / 1EA,/shop/productdetails/59352/starbucks-by-nespresso-blonde-espresso-roast-coffee-pods
220699,Woolworths Red Salmon 210g,$6.00 ,$28.57 / 1KG,/shop/productdetails/220699/woolworths-red-salmon
68346,Macro Organic Wholemeal Spirals 500g,$1.65 ,$0.33 / 100G,/shop/productdetails/68346/macro-organic-wholemeal-spirals
9010,Zafarelli Penne Rigati Pasta No 18 500g,$1.85 ,$0.37 / 100G,/shop/productdetails/9010/zafarelli-penne-rigati-pasta-no-18
236124,John West Protein+ Omega-3 Tuna Tomato Salsa With Crackers 94g,$3.50 ,$37.23 / 1KG,/shop/productdetails/236124/john-west-protein-omega-3-tuna-tomato-salsa-with-crackers
319476,John West Tuna With Roast Capsicum & 3 Beans 185g,N/A,N/A,/shop/productdetails/319476/john-west-tuna-with-roast-capsicum-3-beans
758384,Kan Tong Stir Fry Sauce Sweet & Sour 515g,$3.00 ,$0.58 / 100G,/shop/productdetails/758384/kan-tong-stir-fry-sauce-sweet-sour
375114,"Masterfoods Stir Fry Sauce Honey, Garlic & Soy 175g",$2.80 ,$1.60 / 100G,/shop/productdetails/375114/masterfoods-stir-fry-sauce-honey-garlic-soy
32924,Continental Cup A Soup Chicken With Lots Of Noodles 2 Pack,$2.80 ,$4.67 / 100G,/shop/productdetails/32924/continental-cup-a-soup-chicken-with-lots-of-noodles
957033,Leggos Stir Through Tomato Garlic & Caramelised Onion 350g,$5.30 ,$1.51 / 100G,/shop/productdetails/957033/leggo-s-stir-through-tomato-garlic-caramelised-onion
147932,Slendier Edamame Bean Fettuccine 200g,$5.30 ,$2.65 / 100G,/shop/productdetails/147932/slendier-edamame-bean-fettuccine
106256,Wokka Shelf Fresh Thin Hokkien Noodles 440g,$2.70 ,$0.61 / 100G,/shop/productdetails/106256/wokka-shelf-fresh-thin-hokkien-noodles
231811,Macro Pumpkin Kernels 250g,$4.00 ,$16.00 / 1KG,/shop/productdetails/231811/macro-pumpkin-kernels
30322,Essentials Brown Vinegar 1l,$1.50 ,$0.15 / 100ML,/shop/productdetails/30322/essentials-brown-vinegar
663580,Woolworths Four Bean Mix No Added Salt Can 420g,$1.00 ,$0.24 / 100G,/shop/productdetails/663580/woolworths-four-bean-mix-no-added-salt-can
270829,Ben's Original Mexican Style Microwave Rice Pouch 250g,$3.00 ,$1.20 / 100G,/shop/productdetails/270829/ben-s-original-mexican-style-microwave-rice-pouch
39128,Essentials Cornflour 500g,$2.30 ,$4.60 / 1KG,/shop/productdetails/39128/essentials-cornflour
158435,Heinz Beanz Baked Beans In Tomato Sauce Multipack 220g X3 Pack,$4.90 ,$0.74 / 100G,/shop/productdetails/158435/heinz-beanz-baked-beans-in-tomato-sauce-multipack
319474,Safcol Salmon Mild Red Chilli 95g,$2.00 ,$21.05 / 1KG,/shop/productdetails/319474/safcol-salmon-mild-red-chilli
157597,John West Calcium Rich Tuna Chilli 90g,$2.00 ,$22.22 / 1KG,/shop/productdetails/157597/john-west-calcium-rich-tuna-chilli
256680,Patak's Mild Tandoori Indian Paste Marinade 295g,$7.50 ,$2.54 / 100G,/shop/productdetails/256680/patak-s-mild-tandoori-indian-paste-marinade
94456,Vetta Smart Fibre Penne Pasta 500g,$2.35 ,$0.47 / 100G,/shop/productdetails/94456/vetta-smart-fibre-penne-pasta
333060,Vegemite Cheesy Bite Spread 270g,$4.00 ,$1.48 / 100G,/shop/productdetails/333060/vegemite-cheesy-bite-spread
9011,Zafarelli Fusilli Pasta No 17 500g,$1.85 ,$0.37 / 100G,/shop/productdetails/9011/zafarelli-fusilli-pasta-no-17
71487,Csr Icing Sugar Pure 500g,$2.50 ,$0.50 / 100G,/shop/productdetails/71487/csr-icing-sugar-pure
224183,Heinz Big N Chunky Butter Chicken Soup Ready Meals 535g,$3.90 ,$0.73 / 100G,/shop/productdetails/224183/heinz-big-n-chunky-butter-chicken-soup-ready-meals
324925,Spam Ham With Real Bacon 340g,$5.00 ,$14.71 / 1KG,/shop/productdetails/324925/spam-ham-with-real-bacon
241193,Tiao Hu Sriracha Hot Sauce 455ml,$3.50 ,$0.77 / 100ML,/shop/productdetails/241193/tiao-hu-sriracha-hot-sauce
732354,Ardmona Rich & Thick Diced Tomatos With Paste Mixed Herbs 410g,$2.20 ,$5.37 / 1KG,/shop/productdetails/732354/ardmona-rich-thick-diced-tomatos-with-paste-mixed-herbs
856305,Heinz Soup Of The Day Creamy Potato & Leek Soup Pouch 430g,$4.50 ,$1.05 / 100G,/shop/productdetails/856305/heinz-soup-of-the-day-creamy-potato-leek-soup-pouch
258585,Lee Kum Kee Sauce Soy Salt Reduced 150ml,$3.20 ,$2.13 / 100ML,/shop/productdetails/258585/lee-kum-kee-sauce-soy-salt-reduced
156690,Tetley Decaffeinated Tea Bags 100 Pack,$5.50 ,$0.06 / 1EA,/shop/productdetails/156690/tetley-decaffeinated-tea-bags
166232,Continental Cup A Soup Creamy Chicken With Croutons 30g X 2 Pack,$2.80 ,$4.67 / 100G,/shop/productdetails/166232/continental-cup-a-soup-creamy-chicken-with-croutons
187766,Spc Spaghetti Tomato & Cheese Salt Reduced 420g,$1.70 ,$0.40 / 100G,/shop/productdetails/187766/spc-spaghetti-tomato-cheese-salt-reduced
430466,Sanitarium Weet-bix Blends Cranberry & Coconut Breakfast Cereal 450g,$6.00 ,$1.33 / 100G,/shop/productdetails/430466/sanitarium-weet-bix-blends-cranberry-coconut-breakfast-cereal
36580,Continental Cup A Soup Classic Spring Vegetable 4 Pack,$3.00 ,$5.00 / 100G,/shop/productdetails/36580/continental-cup-a-soup-classic-spring-vegetable
201407,Sanitarium Up&go Liquid Breakfast Vanilla Ice 6 Pack,$10.50 ,$7.00 / 1L,/shop/productdetails/201407/sanitarium-up-go-liquid-breakfast-vanilla-ice
15388,Tandaco Coating Mix Bread Crumbs For Southern Fried Chicken 75g,$2.30 ,$0.31 / 10G,/shop/productdetails/15388/tandaco-coating-mix-bread-crumbs-for-southern-fried-chicken
234660,John West Protein+ Calcium Tuna Sea Salt Lemon & Parsley With Crackers 94g,$3.50 ,$37.23 / 1KG,/shop/productdetails/234660/john-west-protein-calcium-tuna-sea-salt-lemon-parsley-with-crackers
251007,Woolworths Cumin Ground Ground 30g,$2.65 ,$0.88 / 10G,/shop/productdetails/251007/woolworths-cumin-ground-ground
313153,Robert Timms Premium Espresso Granulated Coffee 200g,$10.70 ,$5.35 / 100G,/shop/productdetails/313153/robert-timms-premium-espresso-granulated-coffee
758313,Dolmio Extra Garden Vegetables Tomato Pasta Sauce 500g,$3.50 ,$0.70 / 100G,/shop/productdetails/758313/dolmio-extra-garden-vegetables-tomato-pasta-sauce
115233,Queen Natural Vanilla Concentrated Extract 50ml,$7.40 ,$1.48 / 10ML,/shop/productdetails/115233/queen-natural-vanilla-concentrated-extract
828452,Continental Cup A Soup Tasty Tomato 2 Pack 54g,$2.80 ,$5.19 / 100G,/shop/productdetails/828452/continental-cup-a-soup-tasty-tomato-2-pack
94190,Masterfoods Tomato Sauce Hidden Veg 500ml,$4.50 ,$0.90 / 100ML,/shop/productdetails/94190/masterfoods-tomato-sauce-hidden-veg
84763,Woolworths Sweetened Condensed Milk 397g,$1.80 ,$0.45 / 100G,/shop/productdetails/84763/woolworths-sweetened-condensed-milk
452267,The Spice Tailor Original Tikka Masala 300g,$3.10 ,$1.03 / 100G,/shop/productdetails/452267/the-spice-tailor-original-tikka-masala
33144,Csr Caster Sugar 500g,$2.00 ,$0.40 / 100G,/shop/productdetails/33144/csr-caster-sugar
121530,Pandaroo Vermicelli Bean Thread 250g,$2.20 ,$0.88 / 100G,/shop/productdetails/121530/pandaroo-vermicelli-bean-thread
49314,Spc Baked Beans Rich Tomato 220g X 4 Pack,$6.00 ,$0.68 / 100G,/shop/productdetails/49314/spc-baked-beans-rich-tomato-sauce
153204,Spam Ham Hot & Spicy 340g,$5.00 ,$14.71 / 1KG,/shop/productdetails/153204/spam-ham-hot-spicy
373818,Woolworths Potato Whole 410g,$2.00 ,$4.88 / 1KG,/shop/productdetails/373818/woolworths-potato-whole
37613,Essentials Packet Soup Mix Chicken Noodle 50g,$0.45 ,$0.90 / 100G,/shop/productdetails/37613/essentials-packet-soup-mix-chicken-noodle
33364,Dollar Sweets Sprinkles Fives 125g,$2.50 ,$2.00 / 100G,/shop/productdetails/33364/dollar-sweets-sprinkles-fives
90660,Riviana Arborio Rice 1kg,$7.00 ,$0.70 / 100G,/shop/productdetails/90660/riviana-arborio-rice
113305,Continental Recipe Base Creamy Tuna Mornay 30g,$1.80 ,$6.00 / 100G,/shop/productdetails/113305/continental-recipe-base-creamy-tuna-mornay
172409,Heinz Oops Pasta In Tomato Sauce Canned Spaghetti O's 220g,$2.00 ,$0.91 / 100G,/shop/productdetails/172409/heinz-oops-pasta-in-tomato-sauce-canned-spaghetti-o-s
452031,Leggos Tuna Bake 500g,$4.00 ,$0.80 / 100G,/shop/productdetails/452031/leggo-s-tuna-bake
249549,Masterfoods Tuscan Seasoning 155g,$7.50 ,$0.48 / 10G,/shop/productdetails/249549/masterfoods-tuscan-seasoning
32604,John West Salmon Red 210g,$7.50 ,$35.71 / 1KG,/shop/productdetails/32604/john-west-salmon-red
534207,Natvia 100% Natural Sweetener 350g,$7.75 ,$2.21 / 100G,/shop/productdetails/534207/natvia-100-natural-sweetener
302155,Sirena Tuna With Beans 185g,$4.70 ,$25.41 / 1KG,/shop/productdetails/302155/sirena-tuna-with-beans
5535,Sanitarium So Good Long Life Vanilla Bliss Soy Milk 1l,$3.00 ,$3.00 / 1L,/shop/productdetails/5535/sanitarium-so-good-long-life-vanilla-bliss-soy-milk
513478,Tasti Made Simple Forest Fruits 150g,$4.00 ,$2.67 / 100G,/shop/productdetails/513478/tasti-made-simple-forest-fruits
852391,Annalisa Tomato Puree 690g,$1.55 ,$0.22 / 100G,/shop/productdetails/852391/annalisa-tomato-puree
34389,Continental Simmer Soup Chicken Noodle 45g,$1.20 ,$2.67 / 100G,/shop/productdetails/34389/continental-simmer-soup-chicken-noodle
678720,Maggie Beer Natural Chicken Stock 500ml,$5.50 ,$1.10 / 100ML,/shop/productdetails/678720/maggie-beer-natural-chicken-stock
608711,Masterfoods Barbecue Sauce Reduced Salt & Sugar 475ml,$2.50 ,$0.53 / 100ML,/shop/productdetails/608711/masterfoods-barbecue-sauce-reduced-salt-sugar
617101,Essentials Black Tea Bags 100 Pack,$1.90 ,$0.02 / 1EA,/shop/productdetails/617101/essentials-black-tea-bags
791171,Macro Organic Pasta Sauce Chunky Tomato Garlic Basil 500g,$2.30 ,$0.46 / 100G,/shop/productdetails/791171/macro-organic-pasta-sauce-chunky-tomato-garlic-basil
33982,Masterfoods Turmeric Ground 28g,$2.80 ,$1.00 / 10G,/shop/productdetails/33982/masterfoods-turmeric-ground
290301,Mutti Passata Tomato Puree 400g,$3.30 ,$0.83 / 100G,/shop/productdetails/290301/mutti-passata-tomato-puree
612562,Sugarine Sweetener Tablets 600 Pack,$5.70 ,$0.01 / 1EA,/shop/productdetails/612562/sugarine-sweetener-tablets
763735,Flying Goose Sriracha Mayo 455ml,$8.50 ,$1.87 / 100ML,/shop/productdetails/763735/flying-goose-sriracha-mayo
373176,Continental Sensations Stock Pot Chicken Chicken 28g X 4 Pack,$4.50 ,$0.40 / 10G,/shop/productdetails/373176/continental-sensations-stock-pot-chicken-chicken
827830,Mckenzie's Saffron 100mg,$14.40 ,"$1,440.00 / 10G",/shop/productdetails/827830/mckenzie-s-saffron
192366,Pureharvest Organic Malt Free Soy Milk 1l,$2.00 ,$2.00 / 1L,/shop/productdetails/192366/pureharvest-organic-malt-free-soy-milk
63010,Twinings Green Tea Bags 10 Pack 15g,$2.00 ,$0.20 / 1EA,/shop/productdetails/63010/twinings-green-tea-bags
647760,Woolworths Onion Powder 38g,$2.45 ,$0.64 / 10G,/shop/productdetails/647760/woolworths-onion-powder
91905,Celestial Sleepy Time Herbal Tea Bags 40 Pack,$8.50 ,$0.21 / 1EA,/shop/productdetails/91905/celestial-sleepy-time-herbal-tea-bags
803604,Dollar Sweets Vegetarian Rainbow Sprinkles 155g,$2.30 ,$1.48 / 100G,/shop/productdetails/803604/dollar-sweets-vegetarian-rainbow-sprinkles
245953,Gravox Pepper Steak Sauce Liquid Pouch 165g,$2.80 ,$1.70 / 100G,/shop/productdetails/245953/gravox-pepper-steak-sauce-liquid-pouch
248699,Robert Timms Premium Full-bodied Granulated Coffee 200g,$10.70 ,$5.35 / 100G,/shop/productdetails/248699/robert-timms-premium-full-bodied-granulated-coffee
608248,Mission White Strip Corn Chips 500g,$6.60 ,$1.32 / 100G,/shop/productdetails/608248/mission-white-strip-corn-chips
85195,Sa Gourmet Food Co Classic Italian Minestrone Soup 430g,$3.00 ,$0.70 / 100G,/shop/productdetails/85195/sa-gourmet-food-co-classic-italian-minestrone-soup
271568,Tilda Microwave Steamed Brown Basmati Rice 250g,$3.50 ,$1.40 / 100G,/shop/productdetails/271568/tilda-microwave-steamed-brown-basmati-rice
94141,Vetta Smart Fibre Veg Twists Spirals Pasta 375g,$2.35 ,$0.63 / 100G,/shop/productdetails/94141/vetta-smart-fibre-veg-twists-spirals-pasta
251127,Woolworths Oregano Leaves 10g,$1.80 ,$1.80 / 10G,/shop/productdetails/251127/woolworths-oregano-leaves
224221,Heinz Classic Winter Vegetable Soup 535g,$3.90 ,$0.73 / 100G,/shop/productdetails/224221/heinz-classic-winter-vegetable-soup-winter-vegetable
576390,Hart & Soul Coconut Pumpkin Soup Pouch 400g,$3.80 ,$0.95 / 100G,/shop/productdetails/576390/hart-soul-coconut-pumpkin-soup-pouch
421920,Kan Tong Honey Soy Garlic Stir Fry Sauce 500g,$3.00 ,$0.60 / 100G,/shop/productdetails/421920/kan-tong-honey-soy-garlic-stir-fry-sauce
33296,Essentials Self Raising Flour 1kg,$1.20 ,$1.20 / 1KG,/shop/productdetails/33296/essentials-self-raising-flour
54148,Continental Cup A Soup Chinese Chicken & Corn With Lots Of Noodles 2 Pack,$2.80 ,$4.24 / 100G,/shop/productdetails/54148/continental-cup-a-soup-chinese-chicken-corn-with-lots-of-noodles
201415,Sanitarium Weet-bix Hi Bran Breakfast Cereal 750g,$6.50 ,$0.87 / 100G,/shop/productdetails/201415/sanitarium-weet-bix-hi-bran-breakfast-cereal
777630,Woolworths Brown Rice Grain 1kg,$2.50 ,$0.25 / 100G,/shop/productdetails/777630/woolworths-brown-rice-grain
700632,Macro Apple Cider Vinegar 500ml,$3.50 ,$0.70 / 100ML,/shop/productdetails/700632/macro-apple-cider-vinegar
229231,Pandaroo Japanese Ginger Sushi 200g,$3.70 ,$1.85 / 100G,/shop/productdetails/229231/pandaroo-japanese-ginger-sushi
708165,"Twinings Asha Sleep Camomile,peppermint Spearmint Lemon Peel Tea Bags 18 Pack",$7.50 ,$0.42 / 1EA,/shop/productdetails/708165/twinings-asha-sleep-camomile-peppermint-spearmint-lemon-peel-tea-bags
346864,Woolworths Canola Cooking Spray 400g,$2.50 ,$0.63 / 100G,/shop/productdetails/346864/woolworths-canola-cooking-spray
311461,Sunrice Microwave Fragrant Brown Rice Family Sz 450g,$4.00 ,$0.89 / 100G,/shop/productdetails/311461/sunrice-microwave-fragrant-brown-rice-family-sz
79955,Tabasco Sriracha Sauce 256ml,$6.00 ,$2.34 / 100ML,/shop/productdetails/79955/tabasco-sriracha-sauce
473598,Yoodles Brown Rice Noodles Beef 70g,$2.30 ,$3.29 / 100G,/shop/productdetails/473598/yoodles-brown-rice-noodles-beef
251000,Woolworths Cinnamon Ground 32g,$1.80 ,$0.56 / 10G,/shop/productdetails/251000/woolworths-cinnamon-ground
282923,Campbell's Real Stock Chicken Salt Reduced Liquid Stock 500ml,$2.75 ,$0.55 / 100ML,/shop/productdetails/282923/campbell-s-real-stock-chicken-salt-reduced-liquid-stock
54157,Continental Cup A Soup Italian Minestrone 2 Pack,$2.80 ,$3.73 / 100G,/shop/productdetails/54157/continental-cup-a-soup-italian-minestrone
662134,Heilala Baking Blend Vanilla Extract 125ml,$8.00 ,$6.40 / 100ML,/shop/productdetails/662134/heilala-baking-blend-vanilla-extract
717254,Sanitarium Up&go Protein Energize Choc 250ml X6 Pack,$10.50 ,$7.00 / 1L,/shop/productdetails/717254/sanitarium-up-go-protein-energize-choc
271569,Tilda Microwave Coco Chilli & Lemongrass Rice 250g,$3.50 ,$1.40 / 100G,/shop/productdetails/271569/tilda-microwave-coco-chilli-lemongrass-rice
452061,Leggo's Pasta Bake Creamy Sundried Tomato & Garlic 500g,$4.00 ,$0.80 / 100G,/shop/productdetails/452061/leggo-s-pasta-bake-creamy-sundried-tomato-garlic
728159,Mission Corn Chips Cheesy Nachos 230g,$3.50 ,$1.52 / 100G,/shop/productdetails/728159/mission-corn-chips-cheesy-nachos
676656,Woolworths Yellowfin Tuna Slices In Olive Oil With Chilli 125g,$2.50 ,$20.00 / 1KG,/shop/productdetails/676656/woolworths-yellowfin-tuna-slices-in-olive-oil-with-chilli
82852,Continental Soup Sensations Vine Ripened Tomato & Ricotta Serves 2 54g,$2.50 ,$4.63 / 100G,/shop/productdetails/82852/continental-soup-sensations-vine-ripened-tomato-ricotta-serves-2
92971,Masterfoods Seasoning Garlic Steak 50g,$4.00 ,$0.80 / 10G,/shop/productdetails/92971/masterfoods-seasoning-garlic-steak
65084,Old El Paso Nachos Salsa Topping Mild Mild 390g,$4.80 ,$1.23 / 100G,/shop/productdetails/65084/old-el-paso-nachos-salsa-topping-mild-mild
452500,The Spice Tailor Delicate Korma Curry 300g,$3.10 ,$1.03 / 100G,/shop/productdetails/452500/the-spice-tailor-delicate-korma-curry
202590,Rosella Condensed Tomato Soup 390g,$2.80 ,$0.72 / 100ML,/shop/productdetails/202590/rosella-condensed-tomato-soup
42982,Twinings English Breakfast Tea  Bags 50 Pack,$7.00 ,$0.14 / 1EA,/shop/productdetails/42982/twinings-english-breakfast-tea-bags-tea-bags
345414,Edgell Peas Corn & Carrots Corn & Carrots 420g,$2.50 ,$5.95 / 1KG,/shop/productdetails/345414/edgell-peas-corn-carrots-corn-carrots
476928,Sanitarium Weet-bix Gluten Free Coconut & Cinnamon Breakfast Cereal 400g,$5.30 ,$1.33 / 100G,/shop/productdetails/476928/sanitarium-weet-bix-gluten-free-coconut-cinnamon-breakfast-cereal
267557,Sunrice Sunrice Rice Jasmine 1kg,$3.25 ,$0.33 / 100G,/shop/productdetails/267557/sunrice-rice-jasmine
625155,Heinz Spaghetti Extra Cheesy Pasta Canned Spaghetti 300g,$2.80 ,$0.93 / 100G,/shop/productdetails/625155/heinz-spaghetti-extra-cheesy-pasta-canned-spaghetti
263288,Lee Kum Kee Sauce Teriyaki Beef 100g,$2.40 ,$2.40 / 100G,/shop/productdetails/263288/lee-kum-kee-sauce-teriyaki-beef
720424,Woolworths Lemon Juice 500ml,$1.65 ,$0.33 / 100ML,/shop/productdetails/720424/woolworths-lemon-juice
220701,Woolworths Red Salmon 415g,$9.00 ,$21.69 / 1KG,/shop/productdetails/220701/woolworths-red-salmon
845672,Fountain Barbecue Bbq Sauce Value Pack 2l,$7.50 ,$0.38 / 100ML,/shop/productdetails/845672/fountain-barbecue-bbq-sauce-value-pack
343890,Maggi 2 Minute Chicken Flavour Instant Noodles 5 Pack,$5.00 ,$1.39 / 100G,/shop/productdetails/343890/maggi-2-minute-chicken-flavour-instant-noodles
15344,Tandaco Stuffing Mix Seasoned Turkey & Chicken 200g,$3.00 ,$0.15 / 10G,/shop/productdetails/15344/tandaco-stuffing-mix-seasoned-turkey-chicken
87014,Woolworths Tuna & Crackers Snack Pack Tomato & Spinach 112g,$2.10 ,$18.75 / 1KG,/shop/productdetails/87014/woolworths-tuna-crackers-snack-pack-tomato-spinach
695662,Fehlbergs Double Strength White Vinegar 1l,$3.00 ,$0.30 / 100ML,/shop/productdetails/695662/fehlbergs-double-strength-white-vinegar
11887,Trident Hot & Spicy Flavour Thai With Noodles Soup 50g,$1.25 ,$2.50 / 100G,/shop/productdetails/11887/trident-hot-spicy-flavour-thai-with-noodles-soup
552489,Woolworths Long Grain Rice Microwave Cups 2 Pack,$2.20 ,$0.88 / 100G,/shop/productdetails/552489/woolworths-long-grain-rice-microwave-cups
250994,Woolworths Chilli Flakes 23g,$2.30 ,$1.00 / 10G,/shop/productdetails/250994/woolworths-chilli-flakes
700508,Mccormick Organic Turmeric Ground 17g,$2.25 ,$1.32 / 10G,/shop/productdetails/700508/mccormick-organic-turmeric-ground
19274,Thomy Mayonnaise 470g,$7.50 ,$1.60 / 100G,/shop/productdetails/19274/thomy-mayonnaise
517491,Annalisa Diced Tomatoes Garlic & Basil 400g,$1.80 ,$4.50 / 1KG,/shop/productdetails/517491/annalisa-diced-tomatoes-garlic-basil
310223,Pearl River Bridge Soy Sauce 500ml,$3.55 ,$0.71 / 100ML,/shop/productdetails/310223/pearl-river-bridge-soy-sauce
188938,Macro Australian Walnuts 250g,$8.00 ,$32.00 / 1KG,/shop/productdetails/188938/macro-australian-walnuts
147312,Nutella Hazelnut Chocolate Spread 400g,$5.70 ,$1.43 / 100G,/shop/productdetails/147312/nutella-hazelnut-chocolate-spread-spread
245169,Sanitarium Weet-bix Blends Multi-grain+ Breakfast Cereal 575g,$6.00 ,$1.04 / 100G,/shop/productdetails/245169/sanitarium-weet-bix-blends-multi-grain-breakfast-cereal
34294,Riviana Basmati Rice Extra Long Grain 1kg,$7.00 ,$0.70 / 100G,/shop/productdetails/34294/riviana-basmati-rice-extra-long-grain
251075,Woolworths Italian Dried Herbs 10g,$2.40 ,$2.40 / 10G,/shop/productdetails/251075/woolworths-italian-dried-herbs
452268,The Spice Tailor Keralan Coconut Curry 225g,$3.10 ,$1.38 / 100G,/shop/productdetails/452268/the-spice-tailor-keralan-coconut-curry
438469,Hart & Soul Chicken & Corn Soup Pouch 400g,$3.80 ,$0.95 / 100G,/shop/productdetails/438469/hart-soul-chicken-corn-soup-pouch
30023,John West Tuna In Brine 425g,$5.50 ,$12.94 / 1KG,/shop/productdetails/30023/john-west-tuna-in-brine
172643,Campbell's Real Stock Beef Salt Reduced Liquid Stock 1l,$2.25 ,$0.23 / 100ML,/shop/productdetails/172643/campbell-s-real-stock-beef-salt-reduced-liquid-stock
785977,Nong Shim Shin Ramyun 5 Pack,$5.00 ,$0.83 / 100G,/shop/productdetails/785977/nong-shim-shin-ramyun
148364,Uncle Tobys Oats Quick Sachets Creamy Honey Porridge 350g,$6.30 ,$1.80 / 100G,/shop/productdetails/148364/uncle-tobys-oats-quick-sachets-creamy-honey-porridge
169353,Arnott's Gluten Free Tiny Teddy Choc Chip Biscuits 120g,$4.70 ,$3.92 / 100G,/shop/productdetails/169353/arnott-s-gluten-free-tiny-teddy-choc-chip-biscuits
34425,Eta Barbecue Sauce 375ml,$2.50 ,$0.67 / 100ML,/shop/productdetails/34425/eta-barbecue-sauce
56698,Pureharvest Rice Malt Syrup 500g,$3.80 ,$0.76 / 100G,/shop/productdetails/56698/pureharvest-rice-malt-syrup
59694,Starbucks By Nespresso Single Origin Colombia Coffee Pods 10 Pack,$7.90 ,$0.79 / 1EA,/shop/productdetails/59694/starbucks-by-nespresso-single-origin-colombia-coffee-pods
360354,Woolworths Microwave Brown Rice Family Size 450g,$2.75 ,$0.61 / 100G,/shop/productdetails/360354/woolworths-microwave-brown-rice-family-size
726358,Woolworths Pepitas 300g,$4.00 ,$13.33 / 1KG,/shop/productdetails/726358/woolworths-pepitas
242199,Trident Sriracha Hot Chilli Sauce 480ml,$5.80 ,$1.21 / 100ML,/shop/productdetails/242199/trident-sriracha-hot-chilli-sauce
117548,Vetta Smart Protein Penne Pasta 375g,$2.50 ,$0.67 / 100G,/shop/productdetails/117548/vetta-smart-protein-penne-pasta
830072,Juicy Isle Strawberry Topping 375ml,$3.00 ,$0.80 / 100ML,/shop/productdetails/830072/juicy-isle-strawberry-topping
86610,Leggos Tomato Puree 410g,$2.50 ,$0.61 / 100G,/shop/productdetails/86610/leggo-s-tomato-puree
808596,Stagg Classic Chili With Beans 425g,$3.50 ,$0.82 / 100G,/shop/productdetails/808596/stagg-classic-chili-with-beans
58968,Twinings Lemon Twist Tea Bags 10 Pack,$2.00 ,$0.20 / 1EA,/shop/productdetails/58968/twinings-lemon-twist-tea-bags-tea-bags
248084,Woolworths Extra Virgin Olive Oil 500ml,$6.00 ,$1.20 / 100ML,/shop/productdetails/248084/woolworths-extra-virgin-olive-oil
86298,Pureharvest Organic Oat Milk 1l,$2.00 ,$2.00 / 1L,/shop/productdetails/86298/pureharvest-organic-oat-milk
720423,Woolworths Lemon Juice 250ml,$1.00 ,$0.40 / 100ML,/shop/productdetails/720423/woolworths-lemon-juice
794812,Massel 7's Beef Cubes Gluten Free 35g,$1.00 ,$0.29 / 10G,/shop/productdetails/794812/massel-7-s-beef-cubes-gluten-free
224195,Heinz Big N Chunky Peppered Steak Soup Tinned Ready Meals 535g,$3.90 ,$0.73 / 100G,/shop/productdetails/224195/heinz-big-n-chunky-peppered-steak-soup-tinned-ready-meals
36387,Equal Sweetener Sachets 100 Pack,$5.20 ,$5.20 / 100EA,/shop/productdetails/36387/equal-sweetener-sachets
32857,Masterfoods All Purpose Seasoning 65g,$3.00 ,$0.46 / 10G,/shop/productdetails/32857/masterfoods-all-purpose-seasoning
94378,San Remo Spaghetti Angel Hair Pasta No 9 500g,$2.30 ,$0.46 / 100G,/shop/productdetails/94378/san-remo-spaghetti-angel-hair-pasta-no-9
33892,Campbell's Condensed Soup Cream Of Chicken & Corn 420g,$2.20 ,$0.52 / 100G,/shop/productdetails/33892/campbell-s-condensed-soup-cream-of-chicken-corn
24053,John West Lunch Kit With Crackers Tuna With Sweetcorn In Mayonnaise 108g,$3.20 ,$29.63 / 1KG,/shop/productdetails/24053/john-west-lunch-kit-with-crackers-tuna-with-sweetcorn-in-mayonnaise
1469,Paramount Salmon Pink 415g,$8.20 ,$19.76 / 1KG,/shop/productdetails/1469/paramount-salmon-pink
749926,Mckenzie's Himalayan Salt Rock Pink 400g,$5.55 ,$0.14 / 10G,/shop/productdetails/749926/mckenzie-s-himalayan-salt-rock-pink
620646,Barilla Pasta Gluten Free Spaghetti 340g,$4.70 ,$1.38 / 100G,/shop/productdetails/620646/barilla-pasta-gluten-free-spaghetti-gluten-free
733705,Sanitarium Up&go Liquid Breakfast Vanilla Ice 12 Pack,$15.80 ,$5.27 / 1L,/shop/productdetails/733705/sanitarium-up-go-liquid-breakfast-vanilla-ice
196455,Essentials Chocolate Topping 600ml,$1.80 ,$0.30 / 100ML,/shop/productdetails/196455/essentials-chocolate-topping
95460,Twinings Blackcurrant & Blueberry Tea Bags 10 Pack,$2.00 ,$0.20 / 1EA,/shop/productdetails/95460/twinings-blackcurrant-blueberry-tea-bags
744490,Sanitarium So Good Long Life Unsweetened Almond Milk 1l,$2.90 ,$2.90 / 1L,/shop/productdetails/744490/sanitarium-so-good-long-life-unsweetened-almond-milk
77385,Woolworths Minced Garlic 500g,$2.40 ,$0.05 / 10G,/shop/productdetails/77385/woolworths-minced-garlic
62735,Fantastic Chicken Noodle Cup 70g,$0.97 ,$1.39 / 100G,/shop/productdetails/62735/fantastic-chicken-noodle-cup
700648,Macro Organic Passata 700g,$2.20 ,$0.31 / 100G,/shop/productdetails/700648/macro-organic-passata
106518,Old El Paso Tortilla Pockets 223g,$4.80 ,$2.15 / 100G,/shop/productdetails/106518/old-el-paso-tortilla-pockets
340182,Masterfoods Barbecue Sauce Smokey 500ml,$4.50 ,$0.90 / 100ML,/shop/productdetails/340182/masterfoods-barbecue-sauce-smokey
939228,Smooze Pink Guava & Coconut 8x65ml,$5.25 ,$1.01 / 100ML,/shop/productdetails/939228/smooze-pink-guava-coconut
774157,Queen Fairtrade Vanilla Extract With Seeds 50ml,$7.10 ,$1.42 / 10ML,/shop/productdetails/774157/queen-fairtrade-vanilla-extract-with-seeds
330631,Jade Phoenix Ingredients Mushroom Dried Whole Shiitake 50g,$4.50 ,$90.00 / 1KG,/shop/productdetails/330631/jade-phoenix-ingredients-mushroom-dried-whole-shiitake
116839,Wokka Noodles Thin Egg Style Stir Fry 440g,$2.70 ,$0.61 / 100G,/shop/productdetails/116839/wokka-noodles-thin-egg-style-stir-fry
779134,Woolworths Unsweetened Almond Milk 1l,$2.00 ,$2.00 / 1L,/shop/productdetails/779134/woolworths-unsweetened-almond-milk
765578,Cottee's Thick 'n' Rich Caramel Sauce Ice Cream Topping 575g,$3.80 ,$0.66 / 100G,/shop/productdetails/765578/cottee-s-thick-n-rich-caramel-sauce-ice-cream-topping
700276,Woolworths Lasagne Sheets 250g,$2.00 ,$0.80 / 100G,/shop/productdetails/700276/woolworths-lasagne-sheets
179361,Edgell Australian Super Sweet Corn Kernels 125g X4 Pack,$3.80 ,$7.60 / 1KG,/shop/productdetails/179361/edgell-australian-super-sweet-corn-kernels
663584,Macro Organic Black Bean No Added Salt 420g,$1.50 ,$0.36 / 100G,/shop/productdetails/663584/macro-organic-black-bean-no-added-salt
19158,Continental Cup A Soup Hearty Roast Chicken 2 Pack,$2.80 ,$3.73 / 100G,/shop/productdetails/19158/continental-cup-a-soup-hearty-roast-chicken
188059,Heinz Beanz Baked Beans In Tomato Sauce Multipack 130g X4 Pack,$5.70 ,$1.10 / 100G,/shop/productdetails/188059/heinz-beanz-baked-beans-in-tomato-sauce-multipack
771216,Macro Organic Lentils 425g,$1.50 ,$0.35 / 100G,/shop/productdetails/771216/macro-organic-lentils
134420,T2 Sleep Tight Tea Bags 10 Pack,$7.00 ,$0.70 / 1EA,/shop/productdetails/134420/t2-sleep-tight-tea-bags
726937,T2 Melbourne Breakfast Black Tea Bags 25 Pack,$16.00 ,$0.64 / 1EA,/shop/productdetails/726937/t2-melbourne-breakfast-black-tea-bags
672826,Woolworths Tuna Sweet Chilli With Crackers 112g,$2.10 ,$18.75 / 1KG,/shop/productdetails/672826/woolworths-tuna-sweet-chilli-with-crackers
244754,Sunrice Microwave Jasmine Rice In 90 Seconds 250g,$3.00 ,$1.20 / 100G,/shop/productdetails/244754/sunrice-microwave-jasmine-rice-in-90-seconds
88313,Sacla Whole Cherry Tomato Parmesan Pasta Sauce 420g,$3.80 ,$0.90 / 100G,/shop/productdetails/88313/sacla-whole-cherry-tomato-parmesan-pasta-sauce
45931,Campbell's Country Ladle Soup Farmhouse Vegetable 495g,$2.25 ,$0.45 / 100G,/shop/productdetails/45931/campbell-s-country-ladle-soup-farmhouse-vegetable
38288,Dilmah Premium Quality Tea Bags 100 Pack,$5.85 ,$0.06 / 1EA,/shop/productdetails/38288/dilmah-premium-quality-tea-bags
665785,Sugarless Low Calorie Sweetener Sachets 132 Pack,$6.00 ,$4.55 / 100EA,/shop/productdetails/665785/sugarless-low-calorie-sweetener-sachets
186169,Continental Cup A Soup Classic Cream Of Chicken 75g,$3.00 ,$4.00 / 100G,/shop/productdetails/186169/continental-cup-a-soup-classic-cream-of-chicken
750525,"Heinz Soup Of The Day Tomato, Vegetable & Lentil Soup Pouch 430g",$4.50 ,$1.05 / 100G,/shop/productdetails/750525/heinz-soup-of-the-day-tomato-vegetable-lentil-soup-pouch
37562,Uncle Tobys Oats Quick Rolled Oats Porridge 1kg,$3.25 ,$0.33 / 100G,/shop/productdetails/37562/uncle-tobys-oats-quick-rolled-oats-porridge
346835,Woolworths Pasta Fettuccine 500g,$1.00 ,$0.20 / 100G,/shop/productdetails/346835/woolworths-pasta-fettuccine
153757,Wokka Noodles Golden Hokkien Shelf Fresh 440g,$2.70 ,$0.61 / 100G,/shop/productdetails/153757/wokka-noodles-golden-hokkien-shelf-fresh
574822,Tetley Tagless Tea Bags 200 Pack,$6.90 ,$0.03 / 1EA,/shop/productdetails/574822/tetley-tagless-tea-bags
211269,John West Salmon Slices In Springwater 125g,$3.80 ,$30.40 / 1KG,/shop/productdetails/211269/john-west-salmon-slices-in-springwater
446476,Maggi Dry Recipe Bases Devilled Sausages 37g,$1.75 ,$4.73 / 100G,/shop/productdetails/446476/maggi-dry-recipe-bases-devilled-sausages
471887,Sandhurst Cucumbers Sandwich Stacker 500g,$4.20 ,$8.40 / 1KG,/shop/productdetails/471887/sandhurst-cucumbers-sandwich-stacker
34393,Continental Simmer Soup French Onion 40g,$1.20 ,$3.00 / 100G,/shop/productdetails/34393/continental-simmer-soup-french-onion
217099,Mingle Smokey Taco Mild Chipotle Spice Blend 30g,$1.95 ,$6.50 / 100G,/shop/productdetails/217099/mingle-smokey-taco-mild-chipotle-spice-blend
727013,T2 French Earl Grey Black Tea Bags 25 Pack,$16.00 ,$0.64 / 1EA,/shop/productdetails/727013/t2-french-earl-grey-black-tea-bags
320499,Campbell's Country Ladle Soup Garden Vegetable & Wholegrain Barley 500g,$2.25 ,$0.45 / 100G,/shop/productdetails/320499/campbell-s-country-ladle-soup-garden-vegetable-wholegrain-barley
35742,San Remo Penne Pasta No 18 500g,$2.30 ,$0.46 / 100G,/shop/productdetails/35742/san-remo-penne-pasta-no-18
370260,Campbell's Country Ladle Soup Rich & Creamy Pumpkin 500g,$2.25 ,$0.45 / 100G,/shop/productdetails/370260/campbell-s-country-ladle-soup-rich-creamy-pumpkin
702205,Natural Coarse Sea Salt Grinder 380g,$6.50 ,$0.17 / 10G,/shop/productdetails/702205/natural-coarse-sea-salt-grinder
87914,Woolworths Tartare Sauce 250ml,$2.50 ,$1.00 / 100ML,/shop/productdetails/87914/woolworths-tartare-sauce
78652,Cornwell's Apple Cider Vinegar Cider 750ml,$3.40 ,$0.45 / 100ML,/shop/productdetails/78652/cornwell-s-apple-cider-vinegar-cider
256880,Woolworths Vinegar Red Wine 500ml,$2.50 ,$0.50 / 100ML,/shop/productdetails/256880/woolworths-vinegar-red-wine
87820,Sacla Cherry Tomato & Roasted Garlic Pasta Sauce 420g,$3.80 ,$0.90 / 100G,/shop/productdetails/87820/sacla-cherry-tomato-roasted-garlic-pasta-sauce
176246,Safcol Salmon With Mild Red Chilli Pouch 100g,$2.20 ,$22.00 / 1KG,/shop/productdetails/176246/safcol-salmon-with-mild-red-chilli-pouch
155945,Starbucks By Nespresso Italian Roast Coffee Pods 10 Pack,$7.90 ,$0.79 / 1EA,/shop/productdetails/155945/starbucks-by-nespresso-italian-roast-coffee-pods
311469,Sunrice Microwave Indian Aromatic Basmati Rice 450g,$4.00 ,$0.89 / 100G,/shop/productdetails/311469/sunrice-microwave-indian-aromatic-basmati-rice
158306,Saxa Black Peppercorn Pepper Grinder 45g,$5.50 ,$1.22 / 10G,/shop/productdetails/158306/saxa-black-peppercorn-pepper-grinder
220696,Woolworths Pink Salmon 210g,$3.45 ,$16.43 / 1KG,/shop/productdetails/220696/woolworths-pink-salmon
65617,Edgell Snack Time Chickpea Olive Oil Garlic & Rosemary 70g,$1.60 ,$2.29 / 100G,/shop/productdetails/65617/edgell-snack-time-chickpea-olive-oil-garlic-rosemary
750401,La Zuppa Soup Pouch Chicken & Vegetable 540g,$3.95 ,$0.73 / 100G,/shop/productdetails/750401/la-zuppa-soup-pouch-chicken-vegetable-tuscan-chicken-vegetable
446455,Maggi Dry Recipe Bases Satay Chicken 43g,$1.75 ,$4.07 / 100G,/shop/productdetails/446455/maggi-dry-recipe-bases-satay-chicken
95064,Maggi Seasoning Sauce 200ml,$5.00 ,$2.50 / 100ML,/shop/productdetails/95064/maggi-seasoning-sauce
26128,Robert Timms Gold Colombia Coffee Bags 28 Pack,$13.50 ,$0.48 / 1EA,/shop/productdetails/26128/robert-timms-gold-colombia-coffee-bags
11251,San Remo Vermicelli Egg Noodle Pasta 250g,$1.60 ,$0.64 / 100G,/shop/productdetails/11251/san-remo-vermicelli-egg-noodle-pasta
94341,Twinings Mango & Strawberry Tea Bags 10 Pack,$2.00 ,$0.20 / 1EA,/shop/productdetails/94341/twinings-mango-strawberry-tea-bags-infusions
205694,Mckenzie's Cream Of Tartar 125g,$4.00 ,$3.20 / 100G,/shop/productdetails/205694/mckenzie-s-cream-of-tartar
753340,Woolworths Pesto Basil 190g,$1.95 ,$1.03 / 100G,/shop/productdetails/753340/woolworths-pesto-basil
99542,Campbell's Country Ladle Soup Pea & Ham 500g,$2.25 ,$0.45 / 100G,/shop/productdetails/99542/campbell-s-country-ladle-soup-pea-ham
739878,San Remo Spirals Spelt Pasta 250g,$4.50 ,$1.80 / 100G,/shop/productdetails/739878/san-remo-spirals-spelt-pasta
465068,Always Fresh Sundried Tomato Strips 480g,$8.00 ,$16.67 / 1KG,/shop/productdetails/465068/always-fresh-sundried-tomato-strips
96253,Csr Icing Sugar Soft Mixture 1kg,$4.50 ,$0.45 / 100G,/shop/productdetails/96253/csr-icing-sugar-soft-mixture
245580,Campbell's Chunky Soup Potato & Bacon 505g,$2.25 ,$0.45 / 100G,/shop/productdetails/245580/campbell-s-chunky-soup-potato-bacon
250981,Woolworths Basil Leaves 10g,$1.50 ,$1.50 / 10G,/shop/productdetails/250981/woolworths-basil-leaves
196943,Woolworths Creamed Rice 420g,$1.75 ,$0.42 / 100G,/shop/productdetails/196943/woolworths-creamed-rice
298168,Heinz Big N Chunky Ravioli With Beef & Tomato Canned Meal 535g,$3.90 ,$0.73 / 100G,/shop/productdetails/298168/heinz-big-n-chunky-ravioli-with-beef-tomato-canned-meal
36278,John West Tuna Spread 95g,$2.75 ,$2.89 / 100G,/shop/productdetails/36278/john-west-tuna-spread
143327,Mckenzie's Vegan Instant Dried Baker's Yeast 200g,$5.00 ,$2.50 / 100G,/shop/productdetails/143327/mckenzie-s-vegan-instant-dried-baker-s-yeast
830566,Mcvitie's Go Ahead Crispy Slices Sultana & Apple (5x3pk) 218g,$4.40 ,$2.02 / 100G,/shop/productdetails/830566/mcvitie-s-go-ahead-crispy-slices-sultana-apple-5x3pk-
83117,Vegeta Chicken Stock Cubes 60g,$1.50 ,$0.25 / 10G,/shop/productdetails/83117/vegeta-chicken-stock-cubes
744521,Woolworths Peaches In Juice Cups 4 Pack,$2.20 ,$4.40 / 1KG,/shop/productdetails/744521/woolworths-peaches-in-juice-cups
322478,Csr Smart White Sugar Blend 500g,$3.00 ,$0.60 / 100G,/shop/productdetails/322478/csr-smart-white-sugar-blend
8647,Twinings Irish Breakfast Tea Bags 100 Pack 200g,$13.50 ,$0.14 / 1EA,/shop/productdetails/8647/twinings-irish-breakfast-tea-bags
703375,Passage To Asia Teriyaki Chicken 200g,$3.50 ,$1.75 / 100G,/shop/productdetails/703375/passage-to-asia-teriyaki-chicken
340444,Safcol Salmon Tomato & Onion 95g,$2.00 ,$21.05 / 1KG,/shop/productdetails/340444/safcol-salmon-tomato-onion
244756,Sunrice Microwave Medium Grain Brown Rice In 90 250g,$3.00 ,$1.20 / 100G,/shop/productdetails/244756/sunrice-microwave-medium-grain-brown-rice-in-90
491620,Dollar Sweets Choclettes Sprinkles Jar 115g,$3.50 ,$3.04 / 100G,/shop/productdetails/491620/dollar-sweets-choclettes-sprinkles-jar
50431,Masterfoods Tuscan Seasoning 40g,$4.30 ,$1.08 / 10G,/shop/productdetails/50431/masterfoods-tuscan-seasoning
803520,Sunrice Jasmine Fragrant Rice 5kg,$24.00 ,$0.48 / 100G,/shop/productdetails/803520/sunrice-jasmine-fragrant-rice
251132,Woolworths Parsley Flakes 5g,$1.25 ,$2.50 / 10G,/shop/productdetails/251132/woolworths-parsley-flakes
35781,Campbell's Condensed Soup Vegetable & Beef 420g,$2.20 ,$0.52 / 100G,/shop/productdetails/35781/campbell-s-condensed-soup-vegetable-beef
167443,Continental Cup A Soup Asian Thai Red Curry 30g X 2 Pack,$2.80 ,$4.67 / 100G,/shop/productdetails/167443/continental-cup-a-soup-asian-thai-red-curry
728232,Tilda Microwave Coconut Basmati Rice 250g,$3.50 ,$1.40 / 100G,/shop/productdetails/728232/tilda-microwave-coconut-basmati-rice
189655,Sanitarium Up&go Liquid Breakfast Strawberry 6 Pack,$10.50 ,$7.00 / 1L,/shop/productdetails/189655/sanitarium-up-go-liquid-breakfast-strawberry
95082,Starbucks By Nespresso Pike Place Roast Lungo Coffee Pods 10 Pack,$7.90 ,$0.79 / 1EA,/shop/productdetails/95082/starbucks-by-nespresso-pike-place-roast-lungo-coffee-pods
790349,Kewpie Salad Dressing Roasted Sesame 210ml,$5.20 ,$2.48 / 100ML,/shop/productdetails/790349/kewpie-salad-dressing-roasted-sesame
80787,Continental Soup Sensations Thai Pumpkin & Coconut Serves 2 62g,$2.50 ,$4.03 / 100G,/shop/productdetails/80787/continental-soup-sensations-thai-pumpkin-coconut-serves-2
34057,Heinz Spaghetti In Tomato Sauce Canned Pasta Tinned Pasta 220g,$2.00 ,$0.91 / 100G,/shop/productdetails/34057/heinz-spaghetti-in-tomato-sauce-canned-pasta-tinned-pasta
474369,Tabasco Chipotle Sauce 60ml,$4.70 ,$7.83 / 100ML,/shop/productdetails/474369/tabasco-chipotle-sauce
492075,Woolworths Champignon Whole 400g,$1.50 ,$3.75 / 1KG,/shop/productdetails/492075/woolworths-champignon-whole
787275,Old El Paso Stand 'n Stuff Tortilla Fajitas 8 Pack,$6.00 ,$3.11 / 100G,/shop/productdetails/787275/old-el-paso-stand-n-stuff-tortilla-fajitas
678703,Continental Superb Stock Liquid Stock Chicken 1l,$4.00 ,$0.40 / 100ML,/shop/productdetails/678703/continental-superb-stock-liquid-stock-chicken
625156,Heinz Beanz Baked Beans In Tomato Sauce 300g,$2.80 ,$0.93 / 100G,/shop/productdetails/625156/heinz-beanz-baked-beans-in-tomato-sauce
781572,Heinz Soup Of The Day Green Pea With Ham Soup Pouch 430g,$4.50 ,$1.05 / 100G,/shop/productdetails/781572/heinz-soup-of-the-day-green-pea-with-ham-soup-pouch
758117,Heinz Spaghetti And Meatballs 420g,$3.00 ,$0.71 / 100G,/shop/productdetails/758117/heinz-spaghetti-and-meatballs-meatballs-in-tomato-sauce
80040,Marion's Kitchen Classic Japanese Teriyaki 240ml,$5.00 ,$2.08 / 100ML,/shop/productdetails/80040/marion-s-kitchen-classic-japanese-teriyaki
94732,Woolworths Golden Syrup 400g,$2.20 ,$0.55 / 100G,/shop/productdetails/94732/woolworths-golden-syrup
804280,Brunswick Sardines In Olive Oil 120g,$5.25 ,$43.75 / 1KG,/shop/productdetails/804280/brunswick-sardines-in-olive-oil
33637,Devondale Skim Long Life Milk 1l,$2.20 ,$2.20 / 1L,/shop/productdetails/33637/devondale-skim-long-life-milk
636072,Moro Sherry Vinegar 250ml,$5.50 ,$2.20 / 100ML,/shop/productdetails/636072/moro-sherry-vinegar
121531,Pandaroo Ingredients Rice Paper Spring Roll 150g,$2.30 ,$1.53 / 100G,/shop/productdetails/121531/pandaroo-ingredients-rice-paper-spring-roll
84981,Sa Gourmet Food Co Creamy Pumpkin Soup 430g,$3.00 ,$0.70 / 100G,/shop/productdetails/84981/sa-gourmet-food-co-creamy-pumpkin-soup
236624,Safcol No Nets Tuna In Springwater 185g,$2.90 ,$15.68 / 1KG,/shop/productdetails/236624/safcol-no-nets-tuna-in-springwater
452464,The Spice Tailor Rustic Rogan Josh 300g,$3.10 ,$1.03 / 100G,/shop/productdetails/452464/the-spice-tailor-rustic-rogan-josh
492070,Woolworths Creamed Corn 400g,N/A,N/A,/shop/productdetails/492070/woolworths-creamed-corn
34437,Edgell Corn Kernels Whole 420g,$2.20 ,$5.24 / 1KG,/shop/productdetails/34437/edgell-corn-kernels-whole
228519,Lotus Peak White Tea Bags 25 Pack 50g,$4.00 ,$0.16 / 1EA,/shop/productdetails/228519/lotus-peak-white-tea-bags
228497,Twinings Green Tea & Mint Tea Bags 10 Pack,$2.00 ,$0.20 / 1EA,/shop/productdetails/228497/twinings-green-tea-mint-tea-bags-tea-bags
663582,Woolworths Mexican Style 3 Bean Mix No Added Salt Can 420g,$1.00 ,$0.24 / 100G,/shop/productdetails/663582/woolworths-mexican-style-3-bean-mix-no-added-salt-can
353695,Three Threes Tomato Sauce 275ml,$3.30 ,$1.20 / 100ML,/shop/productdetails/353695/three-threes-tomato-sauce
830270,Doree Fried Shallots 100g,$3.30 ,$3.30 / 100G,/shop/productdetails/830270/doree-fried-shallots
676616,Hart & Soul All Natural Cauliflower Cashew Soup 400g,$3.80 ,$0.95 / 100G,/shop/productdetails/676616/hart-soul-all-natural-cauliflower-cashew-soup
335400,Macro Organic Flour White Spelt 750g,$7.50 ,$10.00 / 1KG,/shop/productdetails/335400/macro-organic-flour-white-spelt
674571,Woolworths Buttermilk Pancake Shaker 350g,$1.80 ,$0.51 / 100G,/shop/productdetails/674571/woolworths-buttermilk-pancake-shaker
742287,Heinz Spaghetti & Sausages Canned 420g,$3.00 ,$0.71 / 100G,/shop/productdetails/742287/heinz-spaghetti-sausages-canned
228496,Twinings Green Tea & Lemon Tea Bags 10 Pack,$2.00 ,$0.20 / 1EA,/shop/productdetails/228496/twinings-green-tea-lemon-tea-bags-bags
18160,Woolworths Pitted Dates 500g,$1.85 ,$3.70 / 1KG,/shop/productdetails/18160/woolworths-pitted-dates
232208,Hermesetas Sweetener Tablets 300 Pack,$4.30 ,$1.43 / 100EA,/shop/productdetails/232208/hermesetas-sweetener-tablets
189725,Pandaroo Coconut Milk 400ml,$1.65 ,$0.41 / 100ML,/shop/productdetails/189725/pandaroo-coconut-milk
39444,San Remo Shells Small Pasta No 28 500g,$2.30 ,$0.46 / 100G,/shop/productdetails/39444/san-remo-shells-small-pasta-no-28
726364,Woolworths Raisins 375g,$3.75 ,$10.00 / 1KG,/shop/productdetails/726364/woolworths-raisins
663636,Safcol Premium Salmon Soy & Ginger 95g,$2.00 ,$21.05 / 1KG,/shop/productdetails/663636/safcol-premium-salmon-soy-ginger
726355,Woolworths Pine Nuts 80g,$3.95 ,$49.38 / 1KG,/shop/productdetails/726355/woolworths-pine-nuts
94376,Leggos Pesto Sundried Tomato 190g,$5.30 ,$2.79 / 100G,/shop/productdetails/94376/leggo-s-pesto-sundried-tomato
186409,Massel Stock Powder Beef 168g,$3.75 ,$0.22 / 10G,/shop/productdetails/186409/massel-stock-powder-beef
292796,Cottee's Strawberry Jam 375g,$2.80 ,$0.75 / 100G,/shop/productdetails/292796/cottee-s-strawberry-jam
657421,Heinz Baked Beans Canned Beans In Tomato Sauce 555g,$2.80 ,$0.50 / 100G,/shop/productdetails/657421/heinz-baked-beans-canned-beans-in-tomato-sauce
32782,Masterfoods Vanillin Sugar 65g,$2.80 ,$0.43 / 10G,/shop/productdetails/32782/masterfoods-vanillin-sugar
38339,Yeo's Satay Sauce Satay Bbq 250ml,$5.00 ,$2.00 / 100ML,/shop/productdetails/38339/yeo-s-satay-sauce-satay-bbq
94843,Equal Sweetener Tablets 100 Pack,$3.20 ,$3.20 / 100EA,/shop/productdetails/94843/equal-sweetener-tablets
673516,Lighthouse Yeast Bread Improver 10x7g,$5.30 ,$7.57 / 100G,/shop/productdetails/673516/lighthouse-yeast-bread-improver
63966,Safcol Tuna Pouch Lentils & Black Rice 160g,$3.50 ,$21.88 / 1KG,/shop/productdetails/63966/safcol-tuna-pouch-lentils-black-rice
77420,Green's Maple Flavoured Syrup 375g,$2.80 ,$0.75 / 100G,/shop/productdetails/77420/green-s-maple-flavoured-syrup
703559,Passage To Asia Satay Chicken 200g,$3.50 ,$1.75 / 100G,/shop/productdetails/703559/passage-to-asia-satay-chicken
135885,Spam Turkey Oven Roasted 340g,$5.00 ,$14.71 / 1KG,/shop/productdetails/135885/spam-turkey-oven-roasted
94255,Vetta Smart Fibre Dinosaur Pasta 500g,$2.35 ,$0.47 / 100G,/shop/productdetails/94255/vetta-smart-fibre-dinosaur-pasta
694551,Woolworths Basmati Rice 2kg,$7.50 ,$0.38 / 100G,/shop/productdetails/694551/woolworths-basmati-rice
66605,Woolworths Yellowfin Tuna & Rice Yellow Curry Fried Rice 190g,$2.95 ,$15.53 / 1KG,/shop/productdetails/66605/woolworths-yellowfin-tuna-rice-yellow-curry-fried-rice
749885,Campbell's Real Stock Beef Liquid Stock 250ml,$1.80 ,$0.72 / 100ML,/shop/productdetails/749885/campbell-s-real-stock-beef-liquid-stock
207607,Mutti Polpa Baby Roma Tomatoes Chopped 300g,$2.60 ,$8.67 / 1KG,/shop/productdetails/207607/mutti-polpa-baby-roma-tomatoes-chopped
95263,Essentials Cake Mix Vanilla 340g,$0.90 ,$0.26 / 100G,/shop/productdetails/95263/essentials-cake-mix-vanilla
67926,John West Oysters Smoked In Oil 85g,$3.30 ,$38.82 / 1KG,/shop/productdetails/67926/john-west-oysters-smoked-in-oil
757861,Fountain Barbecue Bbq Sauce Reduced Sugar 500ml,$2.00 ,$0.40 / 100ML,/shop/productdetails/757861/fountain-barbecue-bbq-sauce-reduced-sugar
451922,Leggo's Pasta Sauce Bolognese Red Wine Chunky Tomato & Herbs 500g,$4.30 ,$0.86 / 100G,/shop/productdetails/451922/leggo-s-pasta-sauce-bolognese-red-wine-chunky-tomato-herbs
235754,John West Wild Caught Salmon In Olive Oil Blend 200g,$3.70 ,$18.50 / 1KG,/shop/productdetails/235754/john-west-wild-caught-salmon-in-olive-oil-blend
750522,Heinz Soup Of The Day Creamy Mushroom With Thyme Soup Pouch 430g,$4.50 ,$1.05 / 100G,/shop/productdetails/750522/heinz-soup-of-the-day-creamy-mushroom-with-thyme-soup-pouch
720425,Woolworths Citrus Juice Lime 250ml,$1.00 ,$0.40 / 100ML,/shop/productdetails/720425/woolworths-citrus-juice-lime
34133,Golden Circle Canned Vegetables Sliced Beetroot Cans 850g,$2.40 ,$2.82 / 1KG,/shop/productdetails/34133/golden-circle-canned-vegetables-sliced-beetroot-cans
157450,John West Calcium Rich Tuna Lemon & Cracked Pepper 90g,$2.00 ,$22.22 / 1KG,/shop/productdetails/157450/john-west-calcium-rich-tuna-lemon-cracked-pepper
166239,Continental Cup A Soup Creamy Mushroom With Croutons 2 Pack 50g,$2.80 ,$5.60 / 100G,/shop/productdetails/166239/continental-cup-a-soup-creamy-mushroom-with-croutons-2-pack
153220,Edgell Snack Time Chargrilled Corn Black Beans W Lime & Herbs 70g 70g,$1.60 ,$2.29 / 100G,/shop/productdetails/153220/edgell-snack-time-chargrilled-corn-black-beans-w-lime-herbs-70g
680455,Old El Paso Gluten Free Soft Taco Kit Mexican Style 418g,$9.50 ,$2.27 / 100G,/shop/productdetails/680455/old-el-paso-gluten-free-soft-taco-kit-mexican-style
765973,Sanitarium Up&go Liquid Breakfast Strawberry 12 Pack,$15.80 ,$5.27 / 1L,/shop/productdetails/765973/sanitarium-up-go-liquid-breakfast-strawberry
115766,Starbucks By Nespresso Decaf Espresso Roast Coffee Pods 10 Pack,$7.90 ,$0.79 / 1EA,/shop/productdetails/115766/starbucks-by-nespresso-decaf-espresso-roast-coffee-pods
255396,Splenda Sweetener Tablets 500 Pack,$9.85 ,$1.97 / 100EA,/shop/productdetails/255396/splenda-sweetener-tablets
94563,Equal Sweetener Sachets 50 Pack,$4.20 ,$8.40 / 100EA,/shop/productdetails/94563/equal-sweetener-sachets
90260,Essentials Tomato Paste 170g,$0.95 ,$0.56 / 100G,/shop/productdetails/90260/essentials-tomato-paste
827596,Uncle Tobys Cereal Plus Antioxidant 765g,$7.00 ,$0.92 / 100G,/shop/productdetails/827596/uncle-tobys-cereal-plus-antioxidant
251356,Woolworths Pure Honey 400g,$5.70 ,$1.43 / 100G,/shop/productdetails/251356/woolworths-pure-honey
698736,Heinz Spaghetti Extra Cheesy Pasta Tinned Spaghetti Cheese 535g,$2.80 ,$0.52 / 100G,/shop/productdetails/698736/heinz-spaghetti-extra-cheesy-pasta-tinned-spaghetti-cheese
352574,Marco Polo European Foods Semolina 750g,$3.45 ,$0.46 / 100G,/shop/productdetails/352574/marco-polo-european-foods-semolina
575832,Twinings Morning Tea Bags 100 Pack,$13.50 ,$0.14 / 1EA,/shop/productdetails/575832/twinings-morning-tea-bags
830564,Mcvitie's Go Ahead Crispy Slices Sultana & Raspberry (5x3pk) 218g,$4.40 ,$2.02 / 100G,/shop/productdetails/830564/mcvitie-s-go-ahead-crispy-slices-sultana-raspberry-5x3pk-
647761,Woolworths Garlic Salt 72g,$1.70 ,$0.24 / 10G,/shop/productdetails/647761/woolworths-garlic-salt
236188,John West Protein+ Vitamin B12 Tuna Capsicum & Basil With Crackers 94g,$3.50 ,$37.23 / 1KG,/shop/productdetails/236188/john-west-protein-vitamin-b12-tuna-capsicum-basil-with-crackers
46382,Trident Hot & Spicy 2 Minute Noodles 85g,$1.00 ,$1.18 / 100G,/shop/productdetails/46382/trident-hot-spicy-2-minute-noodles
258476,Woolworths Tomato Paste 415g,$2.10 ,$0.51 / 100G,/shop/productdetails/258476/woolworths-tomato-paste
262206,Capilano 100% Pure Australian Honey Squeeze 500g,$6.80 ,$1.36 / 100G,/shop/productdetails/262206/capilano-100-pure-australian-honey-squeeze
33920,John West Salmon Pink 210g,$6.50 ,$30.95 / 1KG,/shop/productdetails/33920/john-west-salmon-pink
195091,Moro Vinegar Red Wine 500ml,$5.00 ,$1.00 / 100ML,/shop/productdetails/195091/moro-vinegar-red-wine
858008,Pureharvest Almond Milk Unsweetened 1l,$2.00 ,$2.00 / 1L,/shop/productdetails/858008/pureharvest-almond-milk-unsweetened
76240,Chang's Sesame Oil 150ml,$3.30 ,$2.20 / 100ML,/shop/productdetails/76240/chang-s-sesame-oil
177521,Ben's Original Lightly Flavour Coconut Microwave Rice Pouch 250g,$3.00 ,$1.20 / 100G,/shop/productdetails/177521/ben-s-original-lightly-flavour-coconut-microwave-rice-pouch
78630,Safcol Salmon Premium 200g,$5.00 ,$25.00 / 1KG,/shop/productdetails/78630/safcol-salmon-premium
233922,Woolworths Smooth Peanut Butter 500g,$2.90 ,$0.58 / 100G,/shop/productdetails/233922/woolworths-smooth-peanut-butter
221225,Katoomba Roti Bread 6 Pack,$4.50 ,$1.15 / 100G,/shop/productdetails/221225/katoomba-roti-bread
147720,Uncle Tobys Oats Quick Sachets Big Bowl Creamy Honey Porridge 368g,$5.00 ,$1.36 / 100G,/shop/productdetails/147720/uncle-tobys-oats-quick-sachets-big-bowl-creamy-honey-porridge
48883,Fantastic Chicken Noodle Bowl 85g,$0.97 ,$1.14 / 100G,/shop/productdetails/48883/fantastic-chicken-noodle-bowl
428726,Mckenzie's Bi Carb Soda 1kg,$3.95 ,$0.40 / 100G,/shop/productdetails/428726/mckenzie-s-bi-carb-soda
32306,Sanitarium Up&go Liquid Breakfast Choc Ice 3 Pack,$5.60 ,$7.47 / 1L,/shop/productdetails/32306/sanitarium-up-go-liquid-breakfast-choc-ice
321222,Woolworths Quick Oats 750g,$1.40 ,$0.19 / 100G,/shop/productdetails/321222/woolworths-quick-oats
227107,Edgell Australian Grown Chickpeas 400g,$1.70 ,$0.43 / 100G,/shop/productdetails/227107/edgell-australian-grown-chickpeas
21356,Massel Ultracubes Chicken 105g,$3.00 ,$0.29 / 10G,/shop/productdetails/21356/massel-ultracubes-chicken
820407,Woolworths Mexican Style Tuna Salad 185g,$2.95 ,$15.95 / 1KG,/shop/productdetails/820407/woolworths-mexican-style-tuna-salad
262823,Woolworths Natural Plain Waffle Cones 12 Pack,$3.20 ,$1.88 / 100G,/shop/productdetails/262823/woolworths-natural-plain-waffle-cones
780101,Dole Pineapple Premium Tropical Chunks 432g,$2.50 ,$5.79 / 1KG,/shop/productdetails/780101/dole-pineapple-premium-tropical-chunks
59852,Heinz Special Burger Sauce Original Sauces 295ml,$4.00 ,$1.36 / 100ML,/shop/productdetails/59852/heinz-special-burger-sauce-original-sauces
198918,Sunrice Clever Rice Low Gi White 1kg,$4.60 ,$0.46 / 100G,/shop/productdetails/198918/sunrice-clever-rice-low-gi-white
10109,Twinings Russian Caravan Tea Bags 10 Pack,$2.00 ,$0.20 / 1EA,/shop/productdetails/10109/twinings-russian-caravan-tea-bags-tea-bags
196948,Wokka Noodles Singapore Style Shelf Fresh 440g,$2.70 ,$0.61 / 100G,/shop/productdetails/196948/wokka-noodles-singapore-style-shelf-fresh
492077,Woolworths Water Chestnuts Sliced 225g,$1.25 ,$5.56 / 1KG,/shop/productdetails/492077/woolworths-water-chestnuts-sliced
38930,Promite Spread 290g,$5.30 ,$1.83 / 100G,/shop/productdetails/38930/promite-promite-spread
199796,Sanitarium Weet-bix Honey & Golden Oats 450g,$6.00 ,$1.33 / 100G,/shop/productdetails/199796/sanitarium-weet-bix-honey-golden-oats
81497,Continental Soup Sensations Mushroom & Bacon Serves 2 48g,$2.50 ,$5.21 / 100G,/shop/productdetails/81497/continental-soup-sensations-mushroom-bacon-serves-2
35990,Masterfoods Sweet & Sour Sauce 270g,$3.50 ,$1.30 / 100G,/shop/productdetails/35990/masterfoods-sweet-sour-sauce
862713,The Spice Tailor Thai Green Curry Kit 275g,$6.20 ,$2.25 / 100G,/shop/productdetails/862713/the-spice-tailor-thai-green-curry-kit
338075,Kuhne German Barrel Sauerkraut 810g,$6.20 ,$0.77 / 100G,/shop/productdetails/338075/kuhne-german-barrel-sauerkraut
345635,Masterfoods Satay Chicken Stir Fry Recipe Base 175g,$2.80 ,$1.60 / 100G,/shop/productdetails/345635/masterfoods-satay-chicken-stir-fry-recipe-base
342450,Masterfoods Seasoning All Purpose 200g,$6.50 ,$0.33 / 10G,/shop/productdetails/342450/masterfoods-seasoning-all-purpose
65889,Sole Mare Portuguese Style Sardines In Tomato Sauce 120g,$3.00 ,$25.00 / 1KG,/shop/productdetails/65889/sole-mare-portuguese-style-sardines-in-tomato-sauce
243805,Kellogg's Sustain Original Breakfast Cereal 460g,$7.50 ,$1.63 / 100G,/shop/productdetails/243805/kelloggs-sustain-original-breakfast-cereal
36668,Campbell's Condensed Soup Cream Of Asparagus 420g,$2.20 ,$0.52 / 100G,/shop/productdetails/36668/campbell-s-condensed-soup-cream-of-asparagus
728313,Twinings Assam Bold Black Tea Bags 80 Pack,$13.50 ,$0.17 / 1EA,/shop/productdetails/728313/twinings-assam-bold-black-tea-bags-tea
431225,Maharajah's Choice Semolina Flour 1kg,$2.85 ,$0.29 / 100G,/shop/productdetails/431225/maharajah-s-choice-semolina-flour
345112,Obento Japanese Noodles Soba 180g,$1.55 ,$0.86 / 100G,/shop/productdetails/345112/obento-japanese-noodles-soba
690091,Woolworths Peppermint Tea 40 Pack,$1.75 ,$0.04 / 1EA,/shop/productdetails/690091/woolworths-peppermint-tea
740748,Woolworths Cream Cheese Spread 245g,$3.30 ,$13.47 / 1KG,/shop/productdetails/740748/woolworths-cream-cheese-spread
792784,Sunsol Muesli Almond Cashew Macadamia Walnut 500g,$6.00 ,$1.20 / 100G,/shop/productdetails/792784/sunsol-muesli-almond-cashew-macadamia-walnut
701638,Kellogg's Just Right Apricot & Sultana Breakfast Cereal 460g,$7.00 ,$1.52 / 100G,/shop/productdetails/701638/kelloggs-just-right-apricot-sultana-breakfast-cereal
18475,Kewpie Sriracha Mayonnaise 300g,$5.50 ,$1.83 / 100G,/shop/productdetails/18475/kewpie-sriracha-mayonnaise
360276,Robert Timms Instant Coffee Premium Full-bodied 500g,$20.00 ,$4.00 / 100G,/shop/productdetails/360276/robert-timms-instant-coffee-premium-full-bodied
250988,Woolworths Cajun Seasoning 35g,$2.00 ,$0.57 / 10G,/shop/productdetails/250988/woolworths-cajun-seasoning
12079,Chicken Tonight Simmer Sauce Honey & Mustard 485g,$3.60 ,$0.74 / 100G,/shop/productdetails/12079/chicken-tonight-simmer-sauce-honey-mustard
114170,Edgell Corn Kernels 125g,$1.40 ,$11.20 / 1KG,/shop/productdetails/114170/edgell-corn-kernels
750315,La Zuppa Soup Pouch Roasted Pumpkin 540g,$3.95 ,$0.73 / 100G,/shop/productdetails/750315/la-zuppa-soup-pouch-roasted-pumpkin-roasted-pumpkin
476440,Woolworths Himalayan Pink Salt Fine Cut Shaker 125g,$3.20 ,$0.26 / 10G,/shop/productdetails/476440/woolworths-himalayan-pink-salt-fine-cut-shaker
741011,Natvia Sweetener Sticks 40 Pack,$4.50 ,$11.25 / 100EA,/shop/productdetails/741011/natvia-sweetener-sticks
91446,San Remo Shells Large Pasta No 29 500g,$2.30 ,$0.46 / 100G,/shop/productdetails/91446/san-remo-shells-large-pasta-no-29
63967,Safcol Tuna Pouch Red Beans & Quinoa 160g,$3.50 ,$21.88 / 1KG,/shop/productdetails/63967/safcol-tuna-pouch-red-beans-quinoa
574769,Tetley Tagless Tea Bags 100 Pack,$3.80 ,$0.04 / 1EA,/shop/productdetails/574769/tetley-tagless-tea-bags
820408,Woolworths Asian Style Tuna Quinoa Salad 185g,$2.95 ,$15.95 / 1KG,/shop/productdetails/820408/woolworths-asian-style-tuna-quinoa-salad
535606,Woolworths Wholemeal Self Raising Flour 1kg,$2.00 ,$2.00 / 1KG,/shop/productdetails/535606/woolworths-wholemeal-self-raising-flour
381389,Lion Classic Scone Mix 535g,$3.70 ,$6.92 / 1KG,/shop/productdetails/381389/lion-classic-scone-mix
257657,Continental Cup A Soup Dutch Curry With Rice Serves 2 55g,$2.80 ,$5.09 / 100G,/shop/productdetails/257657/continental-cup-a-soup-dutch-curry-with-rice-serves-2
88307,Continental Recipe Base Curried Sausages 35g,$1.80 ,$5.14 / 100G,/shop/productdetails/88307/continental-recipe-base-curried-sausages
81715,Mutti Parma Sugo Semplice Basil Pasta Sauce 400g,$4.00 ,$1.00 / 100G,/shop/productdetails/81715/mutti-parma-sugo-semplice-basil-pasta-sauce
781560,Heinz Soup Of The Day Thai Style Chicken & Chilli Soup Pouch 430g,$4.50 ,$1.05 / 100G,/shop/productdetails/781560/heinz-soup-of-the-day-thai-style-chicken-chilli-soup-pouch
591732,Spc Diced Peaches In Juice Fruit Cups 4 X 120g,$4.50 ,$9.38 / 1KG,/shop/productdetails/591732/spc-diced-peaches-in-juice-fruit-cups
873018,Woolworths Smoked Oysters In Oil 85g,$1.50 ,$17.65 / 1KG,/shop/productdetails/873018/woolworths-smoked-oysters-in-oil
167376,John West Protein Plus Magnesium Tuna With Lime & Chilli 170g,$4.00 ,$23.53 / 1KG,/shop/productdetails/167376/john-west-protein-plus-magnesium-tuna-with-lime-chilli
202801,Woolworths Crispy Rice Pops 370g,$2.85 ,$0.77 / 100G,/shop/productdetails/202801/woolworths-crispy-rice-pops
701705,Kellogg's Coco Pops Chocolatey Breakfast Cereal 375g,$7.00 ,$1.87 / 100G,/shop/productdetails/701705/kelloggs-coco-pops-chocolatey-breakfast-cereal
167628,Heinz Big N Chunky Chicken & Corn Soup Tinned Ready Meals 535g,$3.90 ,$0.73 / 100G,/shop/productdetails/167628/heinz-big-n-chunky-chicken-corn-soup-tinned-ready-meals
98800,Saxa Ground Black Pepper 50g,$4.20 ,$0.84 / 10G,/shop/productdetails/98800/saxa-ground-black-pepper-picnic-pack
111551,Vetta Rural Aid Spirals Pasta Value Pack 750g,$2.50 ,$0.33 / 100G,/shop/productdetails/111551/vetta-rural-aid-spirals-pasta-value-pack
20439,Wokka Rice Noodles 440g,$2.70 ,$0.61 / 100G,/shop/productdetails/20439/wokka-rice-noodles
92491,Csr Golden Syrup Squeeze 500g,$4.50 ,$0.90 / 100G,/shop/productdetails/92491/csr-golden-syrup-squeeze
601343,Woolworths Jasmine Rice 5kg,$14.00 ,$0.28 / 100G,/shop/productdetails/601343/woolworths-jasmine-rice
89160,Cloverdale Pure Honey Squeeze 400g,$4.70 ,$1.18 / 100G,/shop/productdetails/89160/cloverdale-pure-honey-squeeze
142948,Woolworths Fresh Mint Bunch,$3.20 ,$3.20 / 1EA,/shop/productdetails/142948/woolworths-fresh-mint
85776,Australian Organic Food Co 100% Australian Organic Tomato & Basil Soup Pouch 330g,$3.90 ,$1.18 / 100G,/shop/productdetails/85776/australian-organic-food-co-100-australian-organic-tomato-basil-soup-pouch
120207,Sanitarium So Good Oat No Added Sugar Uht Milk 1l,$2.80 ,$2.80 / 1L,/shop/productdetails/120207/sanitarium-so-good-oat-no-added-sugar-uht-milk
160683,Altimate Extra Thick Ice Cream Wafers 80g,$3.00 ,$3.75 / 100G,/shop/productdetails/160683/altimate-extra-thick-ice-cream-wafers
98328,Csr Golden Syrup 850g,$4.75 ,$0.56 / 100G,/shop/productdetails/98328/csr-golden-syrup
34442,Fountain Spicy Red Sauce 250ml,$3.00 ,$1.20 / 100ML,/shop/productdetails/34442/fountain-spicy-red-sauce-sauce
83820,Hart & Soul All Natural Teriyaki Stir Fry Recipe Base 80g,$2.50 ,$0.31 / 10G,/shop/productdetails/83820/hart-soul-all-natural-teriyaki-stir-fry-recipe-base
840089,Continental Recipe Base Creamy Chicken Stroganoff 40g,$1.80 ,$4.50 / 100G,/shop/productdetails/840089/continental-recipe-base-creamy-chicken-stroganoff
691961,Fehlbergs Sandwich Stackers 500g,$5.00 ,$10.00 / 1KG,/shop/productdetails/691961/fehlbergs-sandwich-stackers
750394,La Zuppa Soup Pouch Rustic Vegetable 540g,$3.95 ,$0.73 / 100G,/shop/productdetails/750394/la-zuppa-soup-pouch-rustic-vegetable-rustic-vegetable
32063,Liddells Full Cream Long Life Milk Lactose Free 1l,$3.00 ,$3.00 / 1L,/shop/productdetails/32063/liddells-full-cream-long-life-milk-lactose-free
206535,Obento Japanese Sushi Kit 540g,$12.80 ,$2.37 / 100G,/shop/productdetails/206535/obento-japanese-sushi-kit
147896,Uncle Tobys Oats Quick Sachets Family Pack Creamy Honey Porridge 700g,$9.50 ,$1.36 / 100G,/shop/productdetails/147896/uncle-tobys-oats-quick-sachets-family-pack-creamy-honey-porridge
31655,Wai Wai Rice Vermicelli Large 500g,$3.75 ,$0.75 / 100G,/shop/productdetails/31655/wai-wai-rice-vermicelli-large
34094,Edgell Creamed Corn Creamed 420g,$2.20 ,$5.24 / 1KG,/shop/productdetails/34094/edgell-creamed-corn-creamed
578151,The Spice Tailor Classic Tarka Daal 500g,$4.75 ,$0.95 / 100G,/shop/productdetails/578151/the-spice-tailor-classic-tarka-daal
256878,Woolworths Balsamic Vinegar 500ml,$2.70 ,$0.54 / 100ML,/shop/productdetails/256878/woolworths-balsamic-vinegar
229703,Old El Paso Gluten Free Taco Spice Mix Mild 30g,$2.40 ,$8.00 / 100G,/shop/productdetails/229703/old-el-paso-gluten-free-taco-spice-mix-mild
283137,Robert Timms Mocha Kenya Style Coffee Bags 28 Pack,$13.50 ,$0.48 / 1EA,/shop/productdetails/283137/robert-timms-mocha-kenya-style-coffee-bags
260739,Woolworths Extra Virgin Olive Oil Spray 150g,$2.55 ,$1.70 / 100G,/shop/productdetails/260739/woolworths-extra-virgin-olive-oil-spray
251131,Woolworths Paprika Smoked 30g,$2.40 ,$0.80 / 10G,/shop/productdetails/251131/woolworths-paprika-smoked
2623,John West Salmon Red 415g,$14.00 ,$33.73 / 1KG,/shop/productdetails/2623/john-west-salmon-red
82540,Vegeta Beef Stock Cubes 60g,$1.50 ,$0.25 / 10G,/shop/productdetails/82540/vegeta-beef-stock-cubes
690094,Woolworths Camomile Tea 40 Pack,$1.75 ,$0.04 / 1EA,/shop/productdetails/690094/woolworths-camomile-tea
34929,Edgell Australian Sliced Beetroot 225g,$1.60 ,$7.11 / 1KG,/shop/productdetails/34929/edgell-australian-sliced-beetroot
626956,Obento Tonkatsu Sauce 250ml,$2.55 ,$1.02 / 100ML,/shop/productdetails/626956/obento-tonkatsu-sauce
167105,John West Salmon Chilli 95g,$2.90 ,$30.53 / 1KG,/shop/productdetails/167105/john-west-salmon-chilli
619416,San Remo Pasta Wagon Wheels 500g,$2.30 ,$0.46 / 100G,/shop/productdetails/619416/san-remo-pasta-wagon-wheels
369908,Sanitarium Up&go Liquid Breakfast Banana 6 Pack,$10.50 ,$7.00 / 1L,/shop/productdetails/369908/sanitarium-up-go-liquid-breakfast-banana
267561,Sunrice Microwave Indian Basmati Rice 250g,$3.00 ,$1.20 / 100G,/shop/productdetails/267561/sunrice-microwave-indian-basmati-rice
839703,Essentials Traditional Pasta Sauce 700g,$2.50 ,$0.36 / 100G,/shop/productdetails/839703/essentials-traditional-pasta-sauce
172092,Masterfoods Chinese Beef Stir Fry Recipe Base 175g,$2.80 ,$1.60 / 100G,/shop/productdetails/172092/masterfoods-chinese-beef-stir-fry-recipe-base
114000,Trident Laksa Flavour Thai Noodle Soup 50g,$1.25 ,$2.50 / 100G,/shop/productdetails/114000/trident-laksa-flavour-thai-noodle-soup
94849,Zafarelli Piccolo Pasta No 40 500g,$1.85 ,$0.37 / 100G,/shop/productdetails/94849/zafarelli-piccolo-pasta-no-40
830259,Chacheer Sunflower Seeds Spiced 228g,$4.00 ,$1.75 / 100G,/shop/productdetails/830259/chacheer-sunflower-seeds-spiced
563932,Woolworths Sweet Chilli Sauce 700ml,$2.95 ,$0.42 / 100ML,/shop/productdetails/563932/woolworths-sweet-chilli-sauce
218900,Woolworths Whole Baby Carrots Baby 410g,$1.50 ,$3.66 / 1KG,/shop/productdetails/218900/woolworths-whole-baby-carrots-baby
315578,Barilla Bolognese Pasta Sauce 400g,$4.60 ,$1.15 / 100G,/shop/productdetails/315578/barilla-bolognese-pasta-sauce-bolognese
251189,Essentials Bicarbonate Soda 500g,$2.45 ,$0.49 / 100G,/shop/productdetails/251189/essentials-bicarbonate-soda
765982,Sanitarium Up&go Liquid Breakfast Banana 12 Pack,$15.80 ,$5.27 / 1L,/shop/productdetails/765982/sanitarium-up-go-liquid-breakfast-banana
791172,Macro Organic Pasta Sauce Chunky Bolognese 500g,$2.30 ,$0.46 / 100G,/shop/productdetails/791172/macro-organic-pasta-sauce-chunky-bolognese
218915,Woolworths Peas & Carrots 420g,$1.35 ,$3.21 / 1KG,/shop/productdetails/218915/woolworths-peas-carrots
683102,Ayam Kecap Manis Sweet Soy Sauce 210ml,$3.50 ,$1.67 / 100ML,/shop/productdetails/683102/ayam-kecap-manis-sweet-soy-sauce
514479,Old El Paso Stand 'n Stuff Mini Taco Tortillas 12 Pack,$4.80 ,$3.31 / 100G,/shop/productdetails/514479/old-el-paso-stand-n-stuff-mini-taco-tortillas
244755,Sunrice Microwave Long Grain In 90 Seconds 250g,$3.00 ,$1.20 / 100G,/shop/productdetails/244755/sunrice-microwave-long-grain-in-90-seconds
827588,Uncle Tobys Cereal Plus Iron 710g,$7.00 ,$0.99 / 100G,/shop/productdetails/827588/uncle-tobys-cereal-plus-iron
83995,Sanitarium So Good Barista Edition Soy Milk 1l,$3.00 ,$3.00 / 1L,/shop/productdetails/83995/sanitarium-so-good-barista-edition-soy-milk
789413,Pandaroo Vermicelli Brown Rice 200g,$2.35 ,$1.18 / 100G,/shop/productdetails/789413/pandaroo-vermicelli-brown-rice
808850,Heilala Baking Blend Vanilla Bean Paste 65g,$6.80 ,$10.46 / 100G,/shop/productdetails/808850/heilala-baking-blend-vanilla-bean-paste
93055,Masterfoods Pepper Steak Seasoning 35g,$4.20 ,$1.20 / 10G,/shop/productdetails/93055/masterfoods-pepper-steak-seasoning
147406,Uncle Tobys Oats Quick Sachets Berry Variety Porridge 350g,$6.30 ,$1.80 / 100G,/shop/productdetails/147406/uncle-tobys-oats-quick-sachets-berry-variety-porridge
683110,Heinz Smokey Bbq Sauce Barbecue Sauce 500ml,$4.00 ,$0.80 / 100ML,/shop/productdetails/683110/heinz-smokey-bbq-sauce-barbecue-sauce
33459,King Oscar Sardines Tomato Sauce Single Layer 105g,$2.50 ,$23.81 / 1KG,/shop/productdetails/33459/king-oscar-sardines-tomato-sauce-single-layer
290369,Lucky Sunflower Kernels 200g,$1.79 ,$8.95 / 1KG,/shop/productdetails/290369/lucky-sunflower-kernels
257411,Maggi Gravy Mix Roast Meat 27g,$1.00 ,$0.37 / 10G,/shop/productdetails/257411/maggi-gravy-mix-roast-meat
172087,Always Fresh Sundried Tomatoes Strips 670g,$7.50 ,$1.12 / 100G,/shop/productdetails/172087/always-fresh-sundried-tomatoes-strips
758314,Dolmio Extra Italian Herbs Tomato Pasta Sauce 500g,$3.50 ,$0.70 / 100G,/shop/productdetails/758314/dolmio-extra-italian-herbs-tomato-pasta-sauce
95459,Twinings Green Tea & Jasmine Tea Bags 10 Pack,$2.00 ,$0.20 / 1EA,/shop/productdetails/95459/twinings-green-tea-jasmine-tea-bags
38921,Bega Peanut Butter Crunchy 780g,$7.50 ,$0.96 / 100G,/shop/productdetails/38921/bega-peanut-butter-crunchy
320302,Continental Cup A Soup Hearty Pea & Ham 2 Pack,$2.80 ,$5.38 / 100G,/shop/productdetails/320302/continental-cup-a-soup-hearty-pea-ham
748338,Maggi Stir Fry Asian Style Teriyaki Sesame Flavour 150g,$3.50 ,$2.33 / 100G,/shop/productdetails/748338/maggi-stir-fry-asian-style-teriyaki-sesame-flavour
750412,Heinz Classic Sweet Potato & Pumpkin Soup Vegetarian Ready Meals 535g,$3.90 ,$0.73 / 100G,/shop/productdetails/750412/heinz-classic-sweet-potato-pumpkin-soup-vegetarian-ready-meals
733355,Stubb's Original Bbq Sauce Sauce 510g,$6.50 ,$1.27 / 100G,/shop/productdetails/733355/stubb-s-original-bbq-sauce-sauce
141917,Continental Calssics Flavoured Rice Chicken Serves 2 120g,$2.80 ,$2.33 / 100G,/shop/productdetails/141917/continental-calssics-flavoured-rice-chicken-serves-2
438564,Hart & Soul Coconut & Lentil Soup 400g,$3.80 ,$0.95 / 100G,/shop/productdetails/438564/hart-soul-coconut-lentil-soup
754521,Aeroplane Ready To Eat Jelly Cup Snack Raspberry Flavour 120g,$1.40 ,$1.17 / 100G,/shop/productdetails/754521/aeroplane-ready-to-eat-jelly-cup-snack-raspberry-flavour
83273,Sanitarium So Good Barista Edition Oat Milk 1l,$4.00 ,$4.00 / 1L,/shop/productdetails/83273/sanitarium-so-good-barista-edition-oat-milk
59695,Starbucks By Nespresso Single Origin Sumatra Coffee Pods 10 Pack,$7.90 ,$0.79 / 1EA,/shop/productdetails/59695/starbucks-by-nespresso-single-origin-sumatra-coffee-pods
81712,Mutti Parma Sugo Semplice Parmigiano Reggiano Pasta Sauce 400g,$4.00 ,$1.00 / 100G,/shop/productdetails/81712/mutti-parma-sugo-semplice-parmigiano-reggiano-pasta-sauce
808574,Stagg Dynamite Hot Chili With Beans 425g,$3.50 ,$0.82 / 100G,/shop/productdetails/808574/stagg-dynamite-hot-chili-with-beans
452050,Leggo's Pasta Bake Creamy Tomato & Mozzarella 500g,$4.00 ,$0.80 / 100G,/shop/productdetails/452050/leggo-s-pasta-bake-creamy-tomato-mozzarella
261734,Ben's Original Tomato & Basil Microwave Rice Pouch 250g,$3.00 ,$1.20 / 100G,/shop/productdetails/261734/ben-s-original-tomato-basil-microwave-rice-pouch
866153,The Spice Tailor Thai Red Curry Kit 275g,$6.20 ,$2.25 / 100G,/shop/productdetails/866153/the-spice-tailor-thai-red-curry-kit
795297,Mutti Passata 700g,$4.40 ,$0.63 / 100G,/shop/productdetails/795297/mutti-passata
3414,The Spice Tailor Thai Massaman Curry Kit 275g,$6.20 ,$2.25 / 100G,/shop/productdetails/3414/the-spice-tailor-thai-massaman-curry-kit
40327,Abc Sweet Soy Sauce Kecap Manis 620ml,$5.60 ,$0.90 / 100ML,/shop/productdetails/40327/abc-sweet-soy-sauce-kecap-manis
355479,Masterfoods Lemon Herb & Garlic Seasoning 46g,$3.50 ,$0.76 / 10G,/shop/productdetails/355479/masterfoods-lemon-herb-garlic-seasoning
272761,Anchor Margaret River Verjuice 375ml,$6.70 ,$1.79 / 100ML,/shop/productdetails/272761/anchor-margaret-river-verjuice
32928,Continental Cup A Soup Classic Hearty Beef 4 Pack,$3.00 ,$5.45 / 100G,/shop/productdetails/32928/continental-cup-a-soup-classic-hearty-beef
83295,Woolworths Panko Bread Crumbs 220g,$2.30 ,$1.05 / 100G,/shop/productdetails/83295/woolworths-panko-bread-crumbs
804025,Brunswick Sardines With Lemon &thyme 120g,$5.25 ,$43.75 / 1KG,/shop/productdetails/804025/brunswick-sardines-with-lemon-thyme
204987,Uncle Tobys Oats Quick Sachets Original Porridge 340g,$6.30 ,$1.85 / 100G,/shop/productdetails/204987/uncle-tobys-oats-quick-sachets-original-porridge
346206,Woolworths Dressing Ranch 300ml,$1.80 ,$0.60 / 100ML,/shop/productdetails/346206/woolworths-dressing-ranch
48900,San Remo Bows Ties Pasta No 23 500g,$2.30 ,$0.46 / 100G,/shop/productdetails/48900/san-remo-bows-ties-pasta-no-23
108065,Tayto Cheese & Onion Crisps 45g,$2.80 ,$6.67 / 100G,/shop/productdetails/108065/tayto-cheese-onion-crisps
18158,Woolworths Apricot Dried 500g,$6.00 ,$12.00 / 1KG,/shop/productdetails/18158/woolworths-apricot-dried
203930,Kellogg's Rice Bubbles Puffed Rice Breakfast Cereal 860g,$10.00 ,$1.16 / 100G,/shop/productdetails/203930/kelloggs-rice-bubbles-puffed-rice-breakfast-cereal
726962,T2 Just Peppermint Herbal Tisane Bags 25 Pack,$13.00 ,$0.52 / 1EA,/shop/productdetails/726962/t2-just-peppermint-herbal-tisane-bags
168,Tcc Coconut Milk 400ml,$2.30 ,$0.58 / 100ML,/shop/productdetails/168/tcc-coconut-milk
829004,Cadbury Baking Milk Chocolate Chips 200g,$3.50 ,$1.75 / 100G,/shop/productdetails/829004/cadbury-baking-milk-chocolate-chips
258380,Sacla Whole Cherry Tomato Pasta Sauce Arrabbiata 420g,$3.80 ,$0.90 / 100G,/shop/productdetails/258380/sacla-whole-cherry-tomato-pasta-sauce-arrabbiata
148885,Uncle Tobys Oats Quick Sachets Brown Sugar & Cinnamon Porridge 350g,$6.30 ,$1.80 / 100G,/shop/productdetails/148885/uncle-tobys-oats-quick-sachets-brown-sugar-cinnamon-porridge
33278,Cottee's Ice Magic Chocolate Ice Cream Topping 220g,$4.00 ,$1.82 / 100G,/shop/productdetails/33278/cottee-s-ice-magic-chocolate-ice-cream-topping
74614,La Molisana Pastifico Extra Di Lusso Linguine 500g,$2.80 ,$0.56 / 100G,/shop/productdetails/74614/la-molisana-pastifico-extra-di-lusso-linguine
451923,Leggo's Roasted Galic - Chunky Tomato & Onion Pasta Sauce 500g,$4.30 ,$0.86 / 100G,/shop/productdetails/451923/leggo-s-roasted-galic-chunky-tomato-onion-pasta-sauce
32523,Cornwell's Apple Cider Vinegar Cider 2l,$5.50 ,$0.28 / 100ML,/shop/productdetails/32523/cornwell-s-apple-cider-vinegar-cider
223136,Masterfoods Recipe Base Tuscan Meatballs 175g,$2.80 ,$1.60 / 100G,/shop/productdetails/223136/masterfoods-recipe-base-tuscan-meatballs
765491,Sunrice Heat & Serve Rice & Quinoa 250g,$3.50 ,$1.40 / 100G,/shop/productdetails/765491/sunrice-heat-serve-rice-quinoa
218931,Woolworths Garden Peas Green 420g,$1.50 ,$3.57 / 1KG,/shop/productdetails/218931/woolworths-garden-peas-green
251024,Woolworths Ginger Ground 25g,$1.85 ,$0.74 / 10G,/shop/productdetails/251024/woolworths-ginger-ground
27855,Woolworths Stuffing Mix 200g,$1.35 ,$0.07 / 10G,/shop/productdetails/27855/woolworths-stuffing-mix
333314,Woolworths Wheat Biscuits 1.12kg,$4.60 ,$0.41 / 100G,/shop/productdetails/333314/woolworths-wheat-biscuits
373172,Continental Sensations Stock Pot Beef Beef 28g X 4 Pack,$4.50 ,$0.40 / 10G,/shop/productdetails/373172/continental-sensations-stock-pot-beef-beef
676610,Hart & Soul All Natural Wonton Soup Cup 100g,$2.00 ,$2.00 / 100G,/shop/productdetails/676610/hart-soul-all-natural-wonton-soup-cup
192816,Edgell Corn Kernels Canned Snack Packs 125g X 4 Pack,$3.80 ,$7.60 / 1KG,/shop/productdetails/192816/edgell-corn-kernels-canned-snack-packs
335402,Macro Organic Flour Wholemeal Spelt 750g,$7.50 ,$10.00 / 1KG,/shop/productdetails/335402/macro-organic-flour-wholemeal-spelt
39362,Bega Peanut Butter Smooth 780g,$7.50 ,$0.96 / 100G,/shop/productdetails/39362/bega-peanut-butter-smooth
34126,Edgell Sauerkraut Canned Vegetables Fermented 410g,$3.60 ,$8.78 / 1KG,/shop/productdetails/34126/edgell-sauerkraut-canned-vegetables-fermented
38648,Leggos Pasta Sauce Spaghetti With Beef 680g,$5.00 ,$0.74 / 100G,/shop/productdetails/38648/leggo-s-pasta-sauce-spaghetti-with-beef
50748,Masterfoods Garlic & Herb Salt 62g,N/A,N/A,/shop/productdetails/50748/masterfoods-garlic-herb-salt
102957,Sea Friend Wasabi Seasoned Seaweed 8 Pack,$5.00 ,$12.50 / 100G,/shop/productdetails/102957/sea-friend-wasabi-seasoned-seaweed
757750,Fountain Soy And Honey Sauce 250ml,$3.00 ,$1.20 / 100ML,/shop/productdetails/757750/fountain-soy-and-honey-sauce-sauce
307853,Sshmallows Cake Decoration Mallows Mini Assorted 100g,$2.00 ,$2.00 / 100G,/shop/productdetails/307853/sshmallows-cake-decoration-mallows-mini-assorted
656969,Kan Tong Teriyaki Chicken Meal Base Pouch 175g,$3.50 ,$2.00 / 100G,/shop/productdetails/656969/kan-tong-teriyaki-chicken-meal-base-pouch
15646,Il Molino Durum Wheat Fine Semolina Pasta Flour 1kg,$3.50 ,$3.50 / 1KG,/shop/productdetails/15646/il-molino-durum-wheat-fine-semolina-pasta-flour
678711,Australian Organic Food Co 8 Vegetable Minestrone Soup Pouch 330g,$3.90 ,$1.18 / 100G,/shop/productdetails/678711/australian-organic-food-co-8-vegetable-minestrone-soup-pouch
43701,Edgell Baby Peas & Corn Baby Peas & Super Sweet Corn 420g,$2.50 ,$5.95 / 1KG,/shop/productdetails/43701/edgell-baby-peas-corn-baby-peas-super-sweet-corn
701719,Kellogg's Rice Bubbles Puffed Rice Breakfast Cereal 250g,$5.40 ,$2.16 / 100G,/shop/productdetails/701719/kelloggs-rice-bubbles-puffed-rice-breakfast-cereal
16119,Riviana Basmati Rice Pakistan Long Grain 5kg,$30.00 ,$0.60 / 100G,/shop/productdetails/16119/riviana-basmati-rice-pakistan-long-grain
41949,Twinings Darjeeling Tea Bags 10 Pack,$2.00 ,$0.20 / 1EA,/shop/productdetails/41949/twinings-darjeeling-tea-bags-tea-bags
108762,Heilala Vanilla Extract With Seeds 50ml,$8.00 ,$16.00 / 100ML,/shop/productdetails/108762/heilala-vanilla-extract-with-seeds
698868,Woolworths Extra Virgin Spanish Olive Oil 1l,$11.00 ,$1.10 / 100ML,/shop/productdetails/698868/woolworths-extra-virgin-spanish-olive-oil
658460,Kan Tong Satay Chicken Meal Base Pouch 180g,$3.50 ,$1.94 / 100G,/shop/productdetails/658460/kan-tong-satay-chicken-meal-base-pouch
727561,Laucke Country Women's Scone Mix 1kg,$5.00 ,$5.00 / 1KG,/shop/productdetails/727561/laucke-country-women-s-scone-mix
91963,Nerada Tea Bags 50 Pack 100g,$2.70 ,$0.05 / 1EA,/shop/productdetails/91963/nerada-tea-bags
92804,Hoyts Vanilla Sugar 25g,$1.50 ,$0.60 / 10G,/shop/productdetails/92804/hoyts-vanilla-sugar
74798,La Molisana Pastificio Extra Di Lusso Wholewheat Spaghetti 500g,$3.50 ,$0.70 / 100G,/shop/productdetails/74798/la-molisana-pastificio-extra-di-lusso-wholewheat-spaghetti
290303,Mutti Tomato Paste Double Concentrate 130g,$1.85 ,$1.42 / 100G,/shop/productdetails/290303/mutti-tomato-paste-double-concentrate
245951,Gravox Traditional Liquid Gravy Pouch 165g,$2.80 ,$1.70 / 100G,/shop/productdetails/245951/gravox-traditional-liquid-gravy-pouch-liquid-traditional
758371,"Kan Tong Stir Fry Sauce Honey, Sesame & Garlic 520g",$3.00 ,$0.58 / 100G,/shop/productdetails/758371/kan-tong-stir-fry-sauce-honey-sesame-garlic
847730,Massel Organic Liquid Stock Beef 1l,$4.00 ,$0.40 / 100ML,/shop/productdetails/847730/massel-organic-liquid-stock-beef
204111,Campbell's Real Soup Immunity Pumpkin With Tumeric 515g,N/A,N/A,/shop/productdetails/204111/campbell-s-real-soup-immunity-pumpkin-with-tumeric
445342,Natural Ceramic Grinder Himalayan Rock Salt 100g,$5.25 ,$0.53 / 10G,/shop/productdetails/445342/natural-ceramic-grinder-himalayan-rock-salt
71324,Woolworths Coconut Fine Desiccated 500g,$3.60 ,$7.20 / 1KG,/shop/productdetails/71324/woolworths-coconut-fine-desiccated
830601,Mcvitie's Go Ahead Crispy Slices Sultana & Forest Fruit (5x3p) 218g,$4.40 ,$2.02 / 100G,/shop/productdetails/830601/mcvitie-s-go-ahead-crispy-slices-sultana-forest-fruit-5x3p-
733664,Gravox Best Ever Schnitzel Liquid Gravy Pouch 165g,$2.80 ,$1.70 / 100G,/shop/productdetails/733664/gravox-best-ever-schnitzel-liquid-gravy-pouch
68980,Macro Organic Gluten Free Spaghetti 350g,$3.70 ,$1.06 / 100G,/shop/productdetails/68980/macro-organic-gluten-free-spaghetti
678341,Suimin Noodles Beef Massaman Curry 137g,$3.60 ,$2.63 / 100G,/shop/productdetails/678341/suimin-noodles-beef-massaman-curry
873023,Woolworths Smoked Mussels In Oil 85g,$1.70 ,$20.00 / 1KG,/shop/productdetails/873023/woolworths-smoked-mussels-in-oil
38911,Gravox Traditional Gravy Mix Tin 120g,$5.00 ,$0.42 / 10G,/shop/productdetails/38911/gravox-traditional-gravy-mix-tin-mix-traditional
820129,Mckenzie's Tapioca Flour 300g,$4.00 ,$1.33 / 100G,/shop/productdetails/820129/mckenzie-s-tapioca-flour
203813,Campbell's Real Soup Energy Tomato & Basil With Lentils 515g,N/A,N/A,/shop/productdetails/203813/campbell-s-real-soup-energy-tomato-basil-with-lentils
44025,San Remo Macaroni Pasta No 38 500g,$2.30 ,$0.46 / 100G,/shop/productdetails/44025/san-remo-macaroni-pasta-no-38
257224,Twinings Lady Grey Tea Bags 100 Pack,$13.50 ,$0.14 / 1EA,/shop/productdetails/257224/twinings-lady-grey-tea-bags-tea-bags
674570,Woolworths Original Pancake Shaker 350g,$1.80 ,$0.51 / 100G,/shop/productdetails/674570/woolworths-original-pancake-shaker
676579,Hart & Soul All Natural Tom Yum Soup Cup 100g,$2.00 ,$2.00 / 100G,/shop/productdetails/676579/hart-soul-all-natural-tom-yum-soup-cup
103162,Sea Friend Spicy Kimchi Seasoned Seaweed 8 Pack,$5.00 ,$12.50 / 100G,/shop/productdetails/103162/sea-friend-spicy-kimchi-seasoned-seaweed
167572,Campbell's Country Ladle Soup Potato & Leek 505g,$2.25 ,$0.45 / 100G,/shop/productdetails/167572/campbell-s-country-ladle-soup-potato-leek
438465,Hart & Soul Laksa Soup Pouch 400g,$3.80 ,$0.95 / 100G,/shop/productdetails/438465/hart-soul-laksa-soup-pouch
565831,Woolworths Apple Slices Pie Fruit 770g,$3.75 ,$4.87 / 1KG,/shop/productdetails/565831/woolworths-apple-slices-pie-fruit
298986,Masterfoods Tomato Relish 250g,$4.00 ,$16.00 / 1KG,/shop/productdetails/298986/masterfoods-tomato-relish
251528,Woolworths Dressing 99% Free French 300ml,$1.80 ,$0.60 / 100ML,/shop/productdetails/251528/woolworths-dressing-99-free-french
491631,Dollar Sweets Jurassic Bitz 125g,$3.50 ,$2.80 / 100G,/shop/productdetails/491631/dollar-sweets-jurassic-bitz
65618,Edgell Snack Time Chickpeas Salad Topper With Zesty Vinaigrette 70g,$1.60 ,$2.29 / 100G,/shop/productdetails/65618/edgell-snack-time-chickpeas-salad-topper-with-zesty-vinaigrette
748896,Woolworths Tomato Paste Sachet 4 Pack,$2.25 ,$1.13 / 100G,/shop/productdetails/748896/woolworths-tomato-paste-sachet
750738,Woolworths Vegetable Oil 750ml,$3.95 ,$0.53 / 100ML,/shop/productdetails/750738/woolworths-vegetable-oil
77901,Sanitarium Up&go Liquid Breakfast No Added Sugar Choc Ice 250ml X12 Pack,$15.80 ,$5.27 / 1L,/shop/productdetails/77901/sanitarium-up-go-liquid-breakfast-no-added-sugar-choc-ice
167216,Orion Turtle Chips Choco Churros 160g,$6.00 ,$3.75 / 100G,/shop/productdetails/167216/orion-turtle-chips-choco-churros
701038,Higher Living Sweet Dreams Tea Bags 15 Pack,$4.40 ,$0.29 / 1EA,/shop/productdetails/701038/higher-living-sweet-dreams-tea-bags
803556,Queen Ultimate Sprinkles Glamour & Sparkle 115g,$3.80 ,$3.30 / 100G,/shop/productdetails/803556/queen-ultimate-sprinkles-glamour-sparkle
201050,Conimex Sambal Oelek Paste Hot Chilli 190g,$4.00 ,$2.11 / 100G,/shop/productdetails/201050/conimex-sambal-oelek-paste-hot-chilli
52181,Spc Baked Beans Rich Tomato Salt Reduced 425g,$1.70 ,$0.40 / 100G,/shop/productdetails/52181/spc-baked-beans-rich-tomato-salt-reduced
91990,Leggo's Tomato Paste Triple Concentrate Tub 2x140g,$3.50 ,$1.25 / 100G,/shop/productdetails/91990/leggo-s-tomato-paste-triple-concentrate-tub
197155,Starbucks By Nespresso Coffee Pods Breakfast Blend 10 Pack,$7.90 ,$0.79 / 1EA,/shop/productdetails/197155/starbucks-by-nespresso-coffee-pods-breakfast-blend
258672,Masterfoods Squeezy Tomato Sauce 920ml,$5.00 ,$0.54 / 100ML,/shop/productdetails/258672/masterfoods-squeezy-tomato-sauce
95458,Continental Simmer Soup Chicken Noodle Salt Reduced 40g,$1.20 ,$3.00 / 100G,/shop/productdetails/95458/continental-simmer-soup-chicken-noodle-salt-reduced
162140,Vittoria Espresso Coffee Beans 1kg,$22.00 ,$2.20 / 100G,/shop/productdetails/162140/vittoria-espresso-coffee-beans
13674,Continental Cup A Soup Mild Chicken Curry With Lots Of Noodles 2 Pack,$2.80 ,$4.83 / 100G,/shop/productdetails/13674/continental-cup-a-soup-mild-chicken-curry-with-lots-of-noodles
82828,Continental Soup Sensations Moroccan Vegetable Medley Serves 2 68g,$2.50 ,$3.68 / 100G,/shop/productdetails/82828/continental-soup-sensations-moroccan-vegetable-medley-serves-2
205514,Woolworths Peach Slices In Juice 825g,$3.20 ,$3.88 / 1KG,/shop/productdetails/205514/woolworths-peach-slices-in-juice
86233,Dole Pineapple Pieces In Juice 227g,$2.10 ,$9.25 / 1KG,/shop/productdetails/86233/dole-pineapple-pieces-in-juice
329004,John West Tuna Beans Capsicum Corn & Chilli 185g,$4.40 ,$23.78 / 1KG,/shop/productdetails/329004/john-west-tuna-beans-capsicum-corn-chilli
511956,Old El Paso Stand 'n Stuff Mini Taco Kit Mexican Style 275g,$9.50 ,$3.45 / 100G,/shop/productdetails/511956/old-el-paso-stand-n-stuff-mini-taco-kit-mexican-style
48645,San Remo La Pasta Macaroni Cheese Single Snack 80g,$1.40 ,$1.75 / 100G,/shop/productdetails/48645/san-remo-la-pasta-macaroni-cheese-single-snack
251013,Woolworths Garam Masala 29g,$2.05 ,$0.71 / 10G,/shop/productdetails/251013/woolworths-garam-masala
446301,Continental Chicken Superbe Stock Stock Powder 130g,$3.00 ,$0.23 / 10G,/shop/productdetails/446301/continental-chicken-superbe-stock-stock-powder
182028,Hermesetas Mini Sweetener Tablets 800 Pack,$7.80 ,$0.98 / 100EA,/shop/productdetails/182028/hermesetas-mini-sweetener-tablets
879124,Essentials Breadcrumbs 750g,$2.55 ,$0.34 / 100G,/shop/productdetails/879124/essentials-breadcrumbs
451926,Leggo's Pasta Sauce Bolognese Mushroom Chunky Tomato & Herbs 500g,$4.30 ,$0.86 / 100G,/shop/productdetails/451926/leggo-s-pasta-sauce-bolognese-mushroom-chunky-tomato-herbs
710014,Sanitarium So Good Long Life Original Almond Milk 1l,$2.90 ,$2.90 / 1L,/shop/productdetails/710014/sanitarium-so-good-long-life-original-almond-milk
186170,Continental Cup A Soup Classic Cream Of Mushroom 4 Pack 70g,$3.00 ,$4.29 / 100G,/shop/productdetails/186170/continental-cup-a-soup-classic-cream-of-mushroom-4-pack
64810,Australia's Own Barista Almond 1l,$4.00 ,$4.00 / 1L,/shop/productdetails/64810/australia-s-own-barista-almond
789357,Woolworths Full Cream Milk Powder 1kg,$10.00 ,$1.00 / 100G,/shop/productdetails/789357/woolworths-full-cream-milk-powder
456578,Ocean Spray Craisins Reduced Sugar 150g,$4.00 ,$26.67 / 1KG,/shop/productdetails/456578/ocean-spray-craisins-reduced-sugar
690093,Woolworths Green Tea 50 Pack,$2.20 ,$0.04 / 1EA,/shop/productdetails/690093/woolworths-green-tea
23088,Sanitarium Up&go Liquid Breakfast Strawberry 3 Pack,$5.60 ,$7.47 / 1L,/shop/productdetails/23088/sanitarium-up-go-liquid-breakfast-strawberry
726973,T2 English Breakfast Black Tea Bags 25 Pack,$13.00 ,$0.52 / 1EA,/shop/productdetails/726973/t2-english-breakfast-black-tea-bags
112440,Vetta Rural Aid Penne Pasta Value Pack 750g,$2.50 ,$0.33 / 100G,/shop/productdetails/112440/vetta-rural-aid-penne-pasta-value-pack
202710,Conimex Ketjap Manis Sweet Soy Sauce 240ml,$4.25 ,$1.77 / 100ML,/shop/productdetails/202710/conimex-ketjap-manis-sweet-soy-sauce
94131,Vittoria Espresso Ground Coffee 1kg,$22.00 ,$2.20 / 100G,/shop/productdetails/94131/vittoria-espresso-ground-coffee
94626,Hoyts Bay Leaves 15g,$2.00 ,$1.33 / 10G,/shop/productdetails/94626/hoyts-bay-leaves
57198,Ayam Coconut Milk 270ml,$2.90 ,$1.07 / 100ML,/shop/productdetails/57198/ayam-coconut-milk
226413,Leggo's Pizza Sauce Garlic Onion Herb Triple Concentrate Sachets 4x50g,$3.00 ,$1.50 / 100G,/shop/productdetails/226413/leggo-s-pizza-sauce-garlic-onion-herb-triple-concentrate-sachets
205773,Zymil Long Life Full Cream Milk Lactose Free 250ml X3 Pack,$3.20 ,$4.27 / 1L,/shop/productdetails/205773/zymil-long-life-full-cream-milk-lactose-free
73928,Mckenzie's Dried Green Split Peas 500g,$1.60 ,$0.32 / 100G,/shop/productdetails/73928/mckenzie-s-dried-green-split-peas
149568,Sanitarium Up&go Protein Energize Vanilla 250ml X12 Pack,$15.80 ,$5.27 / 1L,/shop/productdetails/149568/sanitarium-up-go-protein-energize-vanilla
62747,Fantastic Beef Noodle Cup 70g,$0.97 ,$1.39 / 100G,/shop/productdetails/62747/fantastic-beef-noodle-cup
358075,Indomie Mi Goreng Noodle Cup 75g,$2.00 ,$2.67 / 100G,/shop/productdetails/358075/indomie-mi-goreng-noodle-cup
9096,Masterfoods Finely Crushed Garlic 170g,$3.00 ,$0.18 / 10G,/shop/productdetails/9096/masterfoods-finely-crushed-garlic
251005,Woolworths Coriander Seeds Ground 20g,$1.40 ,$0.70 / 10G,/shop/productdetails/251005/woolworths-coriander-seeds-ground
62664,Trident Chilli Sauce Sweet Chilli 730ml,$4.80 ,$0.66 / 100ML,/shop/productdetails/62664/trident-chilli-sauce-sweet-chilli
252668,Queen Sugar Free Maple Flavoured Syrup 355ml,$3.75 ,$1.06 / 100ML,/shop/productdetails/252668/queen-sugar-free-maple-flavoured-syrup
86489,Val Verde Basil & Oregano Pizza Sauce 280g,$4.20 ,$1.50 / 100G,/shop/productdetails/86489/val-verde-basil-oregano-pizza-sauce
87769,Westgold Full Cream Uht Milk 1l,$1.90 ,$1.90 / 1L,/shop/productdetails/87769/westgold-full-cream-uht-milk
167166,Jw Protein Plus Tuna Chickpeas Lemongrass & Lime 170g,$4.00 ,$23.53 / 1KG,/shop/productdetails/167166/jw-protein-plus-tuna-chickpeas-lemongrass-lime
743979,Amoy Dark Soy Sauce Dark Soy 150ml,$3.50 ,$2.33 / 100ML,/shop/productdetails/743979/amoy-dark-soy-sauce-dark-soy
18093,Essentials Butter Cake Mix 340g,$0.90 ,$0.26 / 100G,/shop/productdetails/18093/essentials-butter-cake-mix
668757,Woolworths Canned Diced Beetroot 425g,$1.75 ,$4.12 / 1KG,/shop/productdetails/668757/woolworths-canned-diced-beetroot
226912,Twinings Live Well Sleep Tea Bags 20 Pack,$4.25 ,$0.21 / 1EA,/shop/productdetails/226912/twinings-live-well-sleep-tea-bags
66591,Woolworths Tuna Pasta Sicilian 170g,$2.95 ,$17.35 / 1KG,/shop/productdetails/66591/woolworths-tuna-pasta-sicilian
74782,La Molisana Pastificio Extra Di Lusso Fettuccine 500g,$2.80 ,$0.56 / 100G,/shop/productdetails/74782/la-molisana-pastificio-extra-di-lusso-fettuccine
308172,Savour Snacks Peas Wasabi Flavoured 100g,$2.00 ,$20.00 / 1KG,/shop/productdetails/308172/savour-snacks-peas-wasabi-flavoured
584285,Edgell Four Bean Mix Picked & Soaked Canned Legumes 400g,$1.70 ,$4.25 / 1KG,/shop/productdetails/584285/edgell-four-bean-mix-picked-soaked-canned-legumes
142945,Sa Gourmet Food Co Garden Pea & Smokey Bacon Soup 430g,$3.00 ,$0.70 / 100G,/shop/productdetails/142945/sa-gourmet-food-co-garden-pea-smokey-bacon-soup
7932,Mckenzie's Baking Powder 125g,$2.85 ,$2.28 / 100G,/shop/productdetails/7932/mckenzie-s-baking-powder
924245,Australia's Own Unsweetened Almond Milk 1l,$3.10 ,$3.10 / 1L,/shop/productdetails/924245/australia-s-own-unsweetened-almond-milk
237206,Sirena La Vita Tuna In Oil 185g,$4.70 ,$25.41 / 1KG,/shop/productdetails/237206/sirena-la-vita-tuna-in-oil
680510,Woolworths Crushed Ginger 230g,$2.80 ,$0.12 / 10G,/shop/productdetails/680510/woolworths-crushed-ginger
786364,Belvita Chocolate Breakfast Biscuits 300g,$3.50 ,$1.17 / 100G,/shop/productdetails/786364/belvita-chocolate-breakfast-biscuits
71488,Csr Icing Sugar Soft Mixture 500g,$2.50 ,$0.50 / 100G,/shop/productdetails/71488/csr-icing-sugar-soft-mixture
701718,Kellogg's Froot Loops Breakfast Cereal 285g,$7.00 ,$2.46 / 100G,/shop/productdetails/701718/kelloggs-froot-loops-breakfast-cereal
450822,Leggo's Pasta Sauce Napoletana Chunky Tomato & Herbs 500g,$4.30 ,$0.86 / 100G,/shop/productdetails/450822/leggo-s-pasta-sauce-napoletana-chunky-tomato-herbs
24946,Paramount Red Salmon 100g,$5.90 ,$59.00 / 1KG,/shop/productdetails/24946/paramount-red-salmon
49286,Fantastic Beef Noodle Bowl 85g,$0.97 ,$1.14 / 100G,/shop/productdetails/49286/fantastic-beef-noodle-bowl
296914,Woolworths Sweet Chilli Sauce 280ml,$2.00 ,$0.71 / 100ML,/shop/productdetails/296914/woolworths-sweet-chilli-sauce
214007,Keen's Meal Base Curried Sausages 285g,$3.00 ,$1.05 / 100G,/shop/productdetails/214007/keens-meal-base-curried-sausages
35694,Nescafe Blend 43 Instant Coffee Tin 500g,$17.00 ,$3.40 / 100G,/shop/productdetails/35694/nescafe-blend-43-instant-coffee-tin
83836,Sanitarium So Good Barista Edition Almond Milk 1l,$4.00 ,$4.00 / 1L,/shop/productdetails/83836/sanitarium-so-good-barista-edition-almond-milk
159230,T2 Relax Tea Bags 10 Pack,$7.00 ,$0.70 / 1EA,/shop/productdetails/159230/t2-relax-tea-bags
187099,Nutella Hazelnut Chocolate Spread 220g,$4.10 ,$1.86 / 100G,/shop/productdetails/187099/nutella-hazelnut-chocolate-spread-spread
606142,Woolworths Asparagus Spears Tin 425g,$2.50 ,$0.59 / 100G,/shop/productdetails/606142/woolworths-asparagus-spears-tin
245575,Campbell's Chunky Soup Ham & Pea 505g,$2.25 ,$0.45 / 100G,/shop/productdetails/245575/campbell-s-chunky-soup-ham-pea
598743,Woolworths Basmati Rice 5kg,$18.00 ,$0.36 / 100G,/shop/productdetails/598743/woolworths-basmati-rice
828451,Continental Cup A Soup Pepper Steak & Mush Room With Croutons 2 Pack 52g,$2.80 ,$5.38 / 100G,/shop/productdetails/828451/continental-cup-a-soup-pepper-steak-mush-room-with-croutons-2-pack
231176,Dolmio 7 Vegetable Bolognese Pasta Sauce 500g,$4.50 ,$0.90 / 100G,/shop/productdetails/231176/dolmio-7-vegetable-bolognese-pasta-sauce
246753,Mckenzie's Californian Walnuts 80g,$4.00 ,$5.00 / 100G,/shop/productdetails/246753/mckenzie-s-californian-walnuts
180105,Zooper Dooper No Sugar 24 Pack,$6.50 ,$0.39 / 100ML,/shop/productdetails/180105/zooper-dooper-no-sugar
38909,Gravox Roast Meat Gravy Mix Tin 120g,$5.00 ,$0.42 / 10G,/shop/productdetails/38909/gravox-roast-meat-gravy-mix-tin-mix-roast-meat
99709,Mazzetti Balsamic Vinegar Of Modena 500ml,$5.00 ,$1.00 / 100ML,/shop/productdetails/99709/mazzetti-balsamic-vinegar-of-modena
63974,Sriracha Hot Chilli Sauce Ketchup 567g,$5.00 ,$0.88 / 100G,/shop/productdetails/63974/sriracha-hot-chilli-sauce-ketchup
845116,Hart & Soul Chicken Noodle Soup Pouch 100g,$2.00 ,$2.00 / 100G,/shop/productdetails/845116/hart-soul-chicken-noodle-soup-pouch
295163,Wai Wai Noodles Instant Tom Yum Shrimp 60g,$0.85 ,$1.42 / 100G,/shop/productdetails/295163/wai-wai-noodles-instant-tom-yum-shrimp
251123,Woolworths Nutmeg Ground 30g,$2.55 ,$0.85 / 10G,/shop/productdetails/251123/woolworths-nutmeg-ground
176829,Ben's Original Coconut Chilli & Lemongrass Microwave Rice 250g,$3.00 ,$1.20 / 100G,/shop/productdetails/176829/ben-s-original-coconut-chilli-lemongrass-microwave-rice
215448,Macro Organic Penne Pasta 500g,$1.65 ,$0.33 / 100G,/shop/productdetails/215448/macro-organic-penne-pasta
827636,Uncle Tobys Cereal Plus Protein 705g,$7.00 ,$0.99 / 100G,/shop/productdetails/827636/uncle-tobys-cereal-plus-protein
467269,Woolworths Traditional Mayonnaise 470g,$4.00 ,$0.85 / 100G,/shop/productdetails/467269/woolworths-traditional-mayonnaise
39319,Yeo's Ingredients Sesame Oil 150ml,$5.00 ,$3.33 / 100ML,/shop/productdetails/39319/yeo-s-ingredients-sesame-oil
37211,Ben's Original Golden Vegetable Microwave Rice Pouch 250g,$3.00 ,$1.20 / 100G,/shop/productdetails/37211/ben-s-original-golden-vegetable-microwave-rice-pouch
580245,The Spice Tailor Fiery Goan Curry 300g,$3.10 ,$1.03 / 100G,/shop/productdetails/580245/the-spice-tailor-fiery-goan-curry
678349,Australian Organic Food Co Pumpkin & Sweet Potato Soup Pouch 330g,$3.90 ,$1.18 / 100G,/shop/productdetails/678349/australian-organic-food-co-pumpkin-sweet-potato-soup-pouch
717162,Uncle Tobys Cereal Plus Antioxidant 435g,$6.50 ,$1.49 / 100G,/shop/productdetails/717162/uncle-tobys-cereal-plus-antioxidant
45955,Wai Wai Oriental Instant Noodles 60g,$0.85 ,$1.42 / 100G,/shop/productdetails/45955/wai-wai-oriental-instant-noodles
720060,Woolworths Cous Cous 500g,$2.00 ,$0.40 / 100G,/shop/productdetails/720060/woolworths-cous-cous
36791,Edgell Australian Diced Capsicum Canned Vegetables 125g,$1.60 ,$12.80 / 1KG,/shop/productdetails/36791/edgell-australian-diced-capsicum-canned-vegetables
782293,La Zuppa Soup Pouch Creamy Chicken & Veg 540g,$3.95 ,$0.73 / 100G,/shop/productdetails/782293/la-zuppa-soup-pouch-creamy-chicken-veg
225399,Queen Organic Vanilla Bean Paste 65g,$11.80 ,$18.15 / 100G,/shop/productdetails/225399/queen-organic-vanilla-bean-paste
37678,Uncle Tobys Oats Traditional Rolled Oats Porridge 500g,$4.00 ,$0.80 / 100G,/shop/productdetails/37678/uncle-tobys-oats-traditional-rolled-oats-porridge
197116,Natural Coarse Sea Salt Ceramic Grinder 100g,$5.25 ,$0.53 / 10G,/shop/productdetails/197116/natural-coarse-sea-salt-ceramic-grinder
173497,Superfruit Pitted Prunes 250g,$2.45 ,$9.80 / 1KG,/shop/productdetails/173497/superfruit-pitted-prunes
15362,Tandaco Coating Mix Bread Crumbs For Lightly Seasoned Fish 75g,$2.30 ,$0.31 / 10G,/shop/productdetails/15362/tandaco-coating-mix-bread-crumbs-for-lightly-seasoned-fish
15260,Tandaco Prepared Suet Mix 250g,$6.00 ,$0.24 / 10G,/shop/productdetails/15260/tandaco-prepared-suet-mix-suet
788315,Wokka Noodles Wholegrain 400g,$2.70 ,$0.68 / 100G,/shop/productdetails/788315/wokka-noodles-wholegrain
167355,Chang's Japanese Teriyaki Sauce 280ml,$3.50 ,$1.25 / 100ML,/shop/productdetails/167355/chang-s-japanese-teriyaki-sauce
676342,La Zuppa Soup Pouch Italian Style Tomato & Veg 540g,$3.95 ,$0.73 / 100G,/shop/productdetails/676342/la-zuppa-soup-pouch-italian-style-tomato-veg
505351,Massel Plant Based Chicken Style Liquid Stock Salt Reduced 1l,$4.00 ,$0.40 / 100ML,/shop/productdetails/505351/massel-plant-based-chicken-style-liquid-stock-salt-reduced
445863,Mccormick Grill Mates Smokin Texas American Bbq Rub 40g,$2.50 ,$0.63 / 10G,/shop/productdetails/445863/mccormick-grill-mates-smokin-texas-american-bbq-rub
2595,Spc Baked Beans Rich Tomato 140g X 4 Pack,$4.00 ,$0.71 / 100G,/shop/productdetails/2595/spc-baked-beans-rich-tomato
521257,Choice Chicken Instant Noodles 85g X5 Pack,N/A,N/A,/shop/productdetails/521257/choice-chicken-instant-noodles
353338,Sanitarium Up&go Protein Energize Choc 250ml X3 Pack,$5.60 ,$7.47 / 1L,/shop/productdetails/353338/sanitarium-up-go-protein-energize-choc
700524,Macro Organic Rolled Oats 500g,$2.75 ,$0.55 / 100G,/shop/productdetails/700524/macro-organic-rolled-oats
81717,Mutti Passata Tomato Puree Organic 560g,$3.20 ,$0.57 / 100G,/shop/productdetails/81717/mutti-passata-tomato-puree-organic
313632,Erawan Rice Noodles Stick Pad Thai 200g,$2.20 ,$1.10 / 100G,/shop/productdetails/313632/erawan-rice-noodles-stick-pad-thai
678318,Suimin Noodles Thai Green Curry 122g,$3.60 ,$2.95 / 100G,/shop/productdetails/678318/suimin-noodles-thai-green-curry
81719,Mutti Passata Gastronomia Baby Roma Tomatoes 400g,$3.20 ,$0.80 / 100G,/shop/productdetails/81719/mutti-passata-gastronomia-baby-roma-tomatoes
65619,Edgell Snack Time Chickpeas With Olive Oil & Sea Salt 70g,$1.60 ,$2.29 / 100G,/shop/productdetails/65619/edgell-snack-time-chickpeas-with-olive-oil-sea-salt
201949,Kellogg's Corn Flakes Breakfast Cereal 890g,$7.25 ,$0.81 / 100G,/shop/productdetails/201949/kelloggs-corn-flakes-breakfast-cereal
579057,Massel Reduced Salt Chicken Stock Powder 140g,$3.75 ,$0.27 / 10G,/shop/productdetails/579057/massel-reduced-salt-chicken-stock-powder
491829,Woolworths Baby Corn Spears 410g Can,N/A,N/A,/shop/productdetails/491829/woolworths-baby-corn-spears
230514,Woolworths Apple Sauce 370g,$1.80 ,$0.49 / 100G,/shop/productdetails/230514/woolworths-apple-sauce
169354,F. Whitlock & Sons Smokehouse Tomato Chutney Sauce 250ml,$4.50 ,$1.80 / 100ML,/shop/productdetails/169354/f-whitlock-sons-smokehouse-tomato-chutney-sauce
802036,Sweet Baby Ray's Hickory & Brown Sugar Bbq Sauce 425ml,$6.90 ,$1.62 / 100ML,/shop/productdetails/802036/sweet-baby-ray-s-hickory-brown-sugar-bbq-sauce
370227,La Zuppa Microwave Soup Chicken Veg & Wholegrain 420g,$3.60 ,$0.86 / 100G,/shop/productdetails/370227/la-zuppa-microwave-soup-chicken-veg-wholegrain
343892,Maggi 2 Minute Chicken Flavour Instant Noodles 12 Pack,$10.00 ,$1.16 / 100G,/shop/productdetails/343892/maggi-2-minute-chicken-flavour-instant-noodles
210007,Masterfoods Portuguese Chicken Seasoning 50g,$4.30 ,$0.86 / 10G,/shop/productdetails/210007/masterfoods-portuguese-chicken-seasoning
196566,Dilmah Extra Strength Tea Bags 100 Pack,$7.50 ,$0.08 / 1EA,/shop/productdetails/196566/dilmah-extra-strength-tea-bags
189701,Sanitarium Up&go Liquid Breakfast Vanilla Ice 3 Pack,$5.60 ,$7.47 / 1L,/shop/productdetails/189701/sanitarium-up-go-liquid-breakfast-vanilla-ice
750104,Sanitarium Up&go Protein Energize Coffee 250ml X6 Pack,$10.50 ,$7.00 / 1L,/shop/productdetails/750104/sanitarium-up-go-protein-energize-coffee
251527,Woolworths Italian Balsamic Dressing 300ml,$1.80 ,$0.60 / 100ML,/shop/productdetails/251527/woolworths-italian-balsamic-dressing-99-fat-free-italian-balsamic
752352,Uncle Tobys Oats Quick Cup Creamy Honey Porridge 50g,$2.50 ,$5.00 / 100G,/shop/productdetails/752352/uncle-tobys-oats-quick-cup-creamy-honey-porridge
758300,Kan Tong Black Bean Stir Fry Cooking Sauce 510g,$3.00 ,$0.59 / 100G,/shop/productdetails/758300/kan-tong-black-bean-stir-fry-cooking-sauce
98571,Leggo's Pizza Sauce Garlic Onion Herb Triple Concentrate Tub 2x140g,$3.50 ,$1.25 / 100G,/shop/productdetails/98571/leggo-s-pizza-sauce-garlic-onion-herb-triple-concentrate-tub
41225,Pureharvest Organic Aussie Dream Rice Milk 1l,$2.60 ,$2.60 / 1L,/shop/productdetails/41225/pureharvest-organic-aussie-dream-rice-milk
297728,La Zuppa Microwave Soup Minestrone 420g,$3.60 ,$0.86 / 100G,/shop/productdetails/297728/la-zuppa-microwave-soup-minestrone-minestrone
21357,Massel Ultracubes Beef 105g,$3.00 ,$0.29 / 10G,/shop/productdetails/21357/massel-ultracubes-beef
795889,Nutella Hazelnut Chocolate Spread 1kg,$11.00 ,$1.10 / 100G,/shop/productdetails/795889/nutella-hazelnut-chocolate-spread-spread
512887,Tasti Made Simple Wholefood Bars Lamington 5 Pack,$4.00 ,$2.67 / 100G,/shop/productdetails/512887/tasti-made-simple-wholefood-bars-lamington
95879,"Twinings Asha Turmeric Temple Turmeric, Ginger & Grapefruit Tea Bags 18 Pack",$7.50 ,$0.42 / 1EA,/shop/productdetails/95879/twinings-asha-turmeric-temple-turmeric-ginger-grapefruit-tea-bags
753172,Woolworths In Juice Sliced Pear 410g,$2.00 ,$4.88 / 1KG,/shop/productdetails/753172/woolworths-in-juice-sliced-pear
79980,Ben's Original Lightly Flavour Garlic Microwave Rice Pouch 250g,$3.00 ,$1.20 / 100G,/shop/productdetails/79980/ben-s-original-lightly-flavour-garlic-microwave-rice-pouch
194935,Chicken Tonight Simmer Sauce Butter Chicken 495g,$3.60 ,$0.73 / 100G,/shop/productdetails/194935/chicken-tonight-simmer-sauce-butter-chicken
236763,Safcol No Nets Tuna In Oil 185g,$2.90 ,$15.68 / 1KG,/shop/productdetails/236763/safcol-no-nets-tuna-in-oil
33155,Csr Brown Sugar Coffee Crystals 500g,$3.45 ,$0.69 / 100G,/shop/productdetails/33155/csr-brown-sugar-coffee-crystals
847156,Pearl River Bridge Soy Sauce Gold Label 600ml,$3.90 ,$0.65 / 100ML,/shop/productdetails/847156/pearl-river-bridge-soy-sauce-gold-label
727257,Ben's Original Brown Mexican Style Microwave Rice Pouch 250g,$3.00 ,$1.20 / 100G,/shop/productdetails/727257/ben-s-original-brown-mexican-style-microwave-rice-pouch
264038,White Wings Cupcake Mix Vanilla 410g,$5.00 ,$1.22 / 100G,/shop/productdetails/264038/white-wings-cupcake-mix-vanilla
678381,Australian Organic Food Co Chickpea & Vegetable Soup Pouch 330g,$3.90 ,$1.18 / 100G,/shop/productdetails/678381/australian-organic-food-co-chickpea-vegetable-soup-pouch
37736,Csr Brown Sugar Dark 1kg,$4.60 ,$0.46 / 100G,/shop/productdetails/37736/csr-brown-sugar-dark
445854,Mccormick Grill Mates Tennessee Smokehouse American Bbq Rub 40g,$2.50 ,$0.63 / 10G,/shop/productdetails/445854/mccormick-grill-mates-tennessee-smokehouse-american-bbq-rub
97063,Marion's Kitchen Coconut Sriracha 360ml,$5.00 ,$1.39 / 100ML,/shop/productdetails/97063/marion-s-kitchen-coconut-sriracha
33533,Paramount Salmon Red 210g,$8.50 ,$40.48 / 1KG,/shop/productdetails/33533/paramount-salmon-red
657399,San Remo Gluten Free Spirals 350g,$4.50 ,$1.29 / 100G,/shop/productdetails/657399/san-remo-gluten-free-spirals
733363,Stubb's Hickory Bourbon Bbq Sauce Sauce 510g,$6.50 ,$1.27 / 100G,/shop/productdetails/733363/stubb-s-hickory-bourbon-bbq-sauce-sauce
134424,T2 Tummy Tea Bags 10 Pack,$7.00 ,$0.70 / 1EA,/shop/productdetails/134424/t2-tummy-tea-bags
196293,Woolworths Australian Rolled Oats 1.5kg,$2.60 ,$0.17 / 100G,/shop/productdetails/196293/woolworths-australian-rolled-oats
80721,Deep Cove Mackerel In Natural Mackerel Oil 425g,$2.90 ,$6.82 / 1KG,/shop/productdetails/80721/deep-cove-mackerel-in-natural-mackerel-oil
83764,Barilla Pasta Penne Rigate 500g,$3.50 ,$0.70 / 100G,/shop/productdetails/83764/barilla-pasta-penne-rigate-rigate-pasta-no-73
246854,Lucky Natural Golden Walnuts 110g,$3.50 ,$31.82 / 1KG,/shop/productdetails/246854/lucky-natural-golden-walnuts
233925,Woolworths Crunchy Peanut Butter 500g,$2.90 ,$0.58 / 100G,/shop/productdetails/233925/woolworths-crunchy-peanut-butter
683101,Ayam Dark Soy 210ml,$3.50 ,$1.67 / 100ML,/shop/productdetails/683101/ayam-dark-soy
678657,Continental Liquid Chicken Stock Salt Reduced 1l,$4.00 ,$0.40 / 100ML,/shop/productdetails/678657/continental-liquid-chicken-stock-salt-reduced
220157,Edgell Snack Time Black Beans Charred & Capsicum With Zesty Salsa 70g,$1.60 ,$2.29 / 100G,/shop/productdetails/220157/edgell-snack-time-black-beans-charred-capsicum-with-zesty-salsa
231416,Old El Paso Chunky Salsa Dip Mild Mild 312g,$4.00 ,$1.28 / 100G,/shop/productdetails/231416/old-el-paso-chunky-salsa-dip-mild-mild
750079,Sanitarium Up&go Protein Energize Vanilla 250ml X6 Pack,$10.50 ,$7.00 / 1L,/shop/productdetails/750079/sanitarium-up-go-protein-energize-vanilla
829318,Vittoria Espressotoria Espresso Coffee Capsules 12 Pack,$6.00 ,$0.50 / 1EA,/shop/productdetails/829318/vittoria-espressotoria-espresso-coffee-capsules
379739,Mission Corn Chips Chilli & Lime 230g,$3.50 ,$1.52 / 100G,/shop/productdetails/379739/mission-corn-chips-chilli-lime
82129,Valcom Paste Tom Yum 210g,$3.80 ,$1.81 / 100G,/shop/productdetails/82129/valcom-paste-tom-yum
150166,Macro Organic Oat Milk Unsweetened 1l,$2.25 ,$2.25 / 1L,/shop/productdetails/150166/macro-organic-oat-milk-unsweetened
700639,Macro Organic Cannellini Beans 425g,$1.50 ,$0.35 / 100G,/shop/productdetails/700639/macro-organic-cannellini-beans
847891,Dollar Sweets Unicorn Sprinkles Jar 105g,$6.00 ,$5.71 / 100G,/shop/productdetails/847891/dollar-sweets-unicorn-sprinkles-jar
84053,Hart & Soul All Natural Satay Curry Recipe Base 80g,$2.50 ,$0.31 / 10G,/shop/productdetails/84053/hart-soul-all-natural-satay-curry-recipe-base
782291,La Zuppa Microwave Soup Chicken Noodle 420g,$3.60 ,$0.86 / 100G,/shop/productdetails/782291/la-zuppa-microwave-soup-chicken-noodle-chicken-noodle
451245,Leggos Pasta Sauce Garden Vegetable 500g,$4.30 ,$0.86 / 100G,/shop/productdetails/451245/leggo-s-pasta-sauce-garden-vegetable
33015,Uncle Tobys Vita Brits Breakfast Cereal Brits 375g,$3.40 ,$0.91 / 100G,/shop/productdetails/33015/uncle-tobys-vita-brits-breakfast-cereal-brits
159370,Lipton English Breakfast Tea Bags 100 Pack,$4.00 ,$0.04 / 1EA,/shop/productdetails/159370/lipton-english-breakfast-tea-bags
886485,Royal Fields Seeds Sesame 500g,$3.90 ,$0.78 / 100G,/shop/productdetails/886485/royal-fields-seeds-sesame
105818,Woolworths Special Fried Rice 250g,$2.75 ,$1.10 / 100G,/shop/productdetails/105818/woolworths-special-fried-rice
116737,Masterfoods Sweet Chilli Sauce Mild 500ml,$3.60 ,$0.72 / 100ML,/shop/productdetails/116737/masterfoods-sweet-chilli-sauce-mild
303700,Amy's Kitchen Canned Soup Organic Lentil & Vegetable 411g,$3.90 ,$0.95 / 100G,/shop/productdetails/303700/amy-s-kitchen-canned-soup-organic-lentil-vegetable
293958,S&w Mayonnaise Whole Egg 440g,$7.00 ,$1.59 / 100G,/shop/productdetails/293958/s-w-mayonnaise-whole-egg
254587,White Wings Brownie Mix Double Chocolate Fudge 560g,$5.00 ,$0.89 / 100G,/shop/productdetails/254587/white-wings-brownie-mix-double-chocolate-fudge
57086,Natural Pink Himalayan Rock Salt Grinder 370g,$6.00 ,$0.16 / 10G,/shop/productdetails/57086/natural-pink-himalayan-rock-salt-grinder
575974,Queen Celebrating 120 Years Pure Vanilla Extract 100ml,$13.50 ,$13.50 / 100ML,/shop/productdetails/575974/queen-celebrating-120-years-pure-vanilla-extract
248148,White Wings Pancake Mix Buttermilk 325g,$2.50 ,$0.77 / 100G,/shop/productdetails/248148/white-wings-pancake-mix-buttermilk
701732,Kellogg's Sultana Bran High Fibre Breakfast Cereal 420g,$7.00 ,$1.67 / 100G,/shop/productdetails/701732/kelloggs-sultana-bran-high-fibre-breakfast-cereal
866199,The Spice Tailor Indonesian Rendang Curry Kit 275g,$6.20 ,$2.25 / 100G,/shop/productdetails/866199/the-spice-tailor-indonesian-rendang-curry-kit
220111,White Wings Parsons Vanilla Creamed Rice 98% Fat Free 430g,$2.90 ,$0.67 / 100G,/shop/productdetails/220111/white-wings-parsons-vanilla-creamed-rice-98-fat-free
93114,Masterfoods Moroccan Seasoning 47g,$4.00 ,$0.85 / 10G,/shop/productdetails/93114/masterfoods-moroccan-seasoning
591731,Spc Diced Fruit Salad In Juice Fruit Cups 4 X 120g,$4.50 ,$9.38 / 1KG,/shop/productdetails/591731/spc-diced-fruit-salad-in-juice-fruit-cups
149866,Uncle Tobys Oats Quick Sachets Apple & Cinnamon Porridge 350g,$6.30 ,$1.80 / 100G,/shop/productdetails/149866/uncle-tobys-oats-quick-sachets-apple-cinnamon-porridge
280340,Maggi Oyster Sauce 275ml,$3.60 ,$1.31 / 100ML,/shop/productdetails/280340/maggi-oyster-sauce
118315,Sanitarium Up&go Dairy Free Liquid Breakfast Choc Ice 12 Pack,$15.80 ,$5.27 / 1L,/shop/productdetails/118315/sanitarium-up-go-dairy-free-liquid-breakfast-choc-ice
492073,Woolworths Champignons Pieces & Stems 400g,$1.70 ,$4.25 / 1KG,/shop/productdetails/492073/woolworths-champignons-pieces-stems
753150,Woolworths Peach Slices In Juice 410g,$2.00 ,$4.88 / 1KG,/shop/productdetails/753150/woolworths-peach-slices-in-juice
678702,Continental Superb Stock Real Beef Base Liquid Stock Beef 1l,$4.00 ,$0.40 / 100ML,/shop/productdetails/678702/continental-superb-stock-real-beef-base-liquid-stock-beef
726350,Woolworths Almonds Slivered 120g,$3.50 ,$29.17 / 1KG,/shop/productdetails/726350/woolworths-almonds-slivered
199725,Kellogg's Nutri Grain Protein Breakfast Cereal 765g,$10.80 ,$1.41 / 100G,/shop/productdetails/199725/kelloggs-nutri-grain-protein-breakfast-cereal
72364,Masterfoods Honey Garlic & Soy Marinade 375g,$4.00 ,$1.07 / 100G,/shop/productdetails/72364/masterfoods-honey-garlic-soy-marinade
180476,Slush Puppie Grape Flavoured 250ml,$3.50 ,$1.40 / 100ML,/shop/productdetails/180476/slush-puppies-slush-puppie-grape-flavoured
701826,Cadbury Chocolate Bar Wispa 36g,$2.20 ,$6.11 / 100G,/shop/productdetails/701826/cadbury-chocolate-bar-wispa
199453,Continental Soup Sensations Vietnamese Chicken & Shiitake Mushroom 40g,$2.50 ,$6.25 / 100G,/shop/productdetails/199453/continental-soup-sensations-vietnamese-chicken-shiitake-mushroom
90032,Devondale 100% Pure Full Cream Long Life Milk 6x200ml,$6.00 ,$5.00 / 1L,/shop/productdetails/90032/devondale-100-pure-full-cream-long-life-milk
297729,La Zuppa Microwave Soup Pumpkin 420g,$3.60 ,$0.86 / 100G,/shop/productdetails/297729/la-zuppa-microwave-soup-pumpkin-pumpkin
101681,Nescafe Starbucks Medium Roast Premium Instant Coffee 90g,$13.00 ,$14.44 / 100G,/shop/productdetails/101681/nescafe-starbucks-medium-roast-premium-instant-coffee
339439,Mission Naan Bread Garlic & Herb 4 Pack,$3.40 ,$1.21 / 100G,/shop/productdetails/339439/mission-naan-bread-garlic-herb
625154,Heinz Baked Beans English Recipe Tinned Beans Breakfast 300g,$2.80 ,$0.93 / 100G,/shop/productdetails/625154/heinz-baked-beans-english-recipe-tinned-beans-breakfast
856749,Heinz Soup Of The Day Veg & Lentil Chilli Paprika Soup Pouch 430g,$4.50 ,$1.05 / 100G,/shop/productdetails/856749/heinz-soup-of-the-day-veg-lentil-chilli-paprika-soup-pouch
27296,Mckenzie's Dried Veg Yellow Split Peas 500g,$1.60 ,$0.32 / 100G,/shop/productdetails/27296/mckenzie-s-dried-veg-yellow-split-peas
142080,Saxa Four Seasons Pepper Grinder 35g,$5.50 ,$1.57 / 10G,/shop/productdetails/142080/saxa-four-seasons-pepper-grinder-four-seasons
802495,Birch & Waite Green Goddess Dressing & Sauce 250ml,$6.00 ,$2.40 / 100ML,/shop/productdetails/802495/birch-waite-green-goddess-dressing-sauce
203960,Heinz Soup Of The Day Pumpkin & Cauliflower With Turmeric 430g,$4.50 ,$1.05 / 100G,/shop/productdetails/203960/heinz-soup-of-the-day-pumpkin-cauliflower-with-turmeric
180827,Slush Puppie Blue Raspberry 250ml,$3.50 ,$1.40 / 100ML,/shop/productdetails/180827/slush-puppie-blue-raspberry
47882,Annalisa Beans Cannellini 400g,$1.90 ,$0.48 / 100G,/shop/productdetails/47882/annalisa-beans-cannellini
112517,T2 French Earl Grey Tea Bags 10 Pack,$7.00 ,$0.70 / 1EA,/shop/productdetails/112517/t2-french-earl-grey-tea-bags
758325,Kan Tong Butter Chicken Cooking Sauce 485g,$3.00 ,$0.62 / 100G,/shop/productdetails/758325/kan-tong-butter-chicken-cooking-sauce
142912,Splenda Stevia Liquid Sweetener 50ml,$6.50 ,$13.00 / 100ML,/shop/productdetails/142912/splenda-stevia-liquid-sweetener
226405,Twinings Live Well Sleep Well Tea Bags 22 Pack,$4.25 ,$0.19 / 1EA,/shop/productdetails/226405/twinings-live-well-sleep-well-tea-bags
690365,Woolworths Pitted Kalamata Olives 345g,$3.00 ,$8.70 / 1KG,N/A
23712,Chicken Tonight Simmer Sauce Creamy Mushroom 475g,$3.60 ,$0.76 / 100G,/shop/productdetails/23712/chicken-tonight-simmer-sauce-creamy-mushroom
53389,Wai Wai Noodles Rice Vermicelli Instant 55g,$0.85 ,$1.55 / 100G,/shop/productdetails/53389/wai-wai-noodles-rice-vermicelli-instant
250677,Woolworths Roast Meat Flavoured Instant Gravy 120g,$2.10 ,$0.18 / 10G,/shop/productdetails/250677/woolworths-roast-meat-flavoured-instant-gravy
59655,Hershey's Chocolate Syrup Squeeze 680g,$6.00 ,$0.88 / 100G,/shop/productdetails/59655/hersheys-chocolate-syrup-squeeze
32295,Sanitarium Up&go Liquid Breakfast Banana 3 Pack,$5.60 ,$7.47 / 1L,/shop/productdetails/32295/sanitarium-up-go-liquid-breakfast-banana
62965,Continental Classics Rice Oriental Serves 2 115g,$2.80 ,$2.43 / 100G,/shop/productdetails/62965/continental-classics-rice-oriental-serves-2
214325,Sandhurst Tomatoes Semi Dried Canola Oil 270g,$5.00 ,$18.52 / 1KG,/shop/productdetails/214325/sandhurst-tomatoes-semi-dried-canola-oil
33280,Keen's Traditional Curry Powder 60g,$4.30 ,$0.72 / 10G,/shop/productdetails/33280/keens-traditional-curry-powder
113949,Masterfoods Smoked & Charred Texan Style Rub 50g,$4.30 ,$0.86 / 10G,/shop/productdetails/113949/masterfoods-smoked-charred-texan-style-rub
105914,Nestle Sweetened Condensed Milk 395g,$3.80 ,$0.96 / 100G,/shop/productdetails/105914/nestle-sweetened-condensed-milk
279869,Praise Caesar Salad Croutons 150g,$4.00 ,$2.67 / 100G,/shop/productdetails/279869/praise-caesar-salad-croutons
221229,Starbucks By Nespresso Intensity 8 House Blend Coffee Pods 36 Pack,$22.00 ,$0.61 / 1EA,/shop/productdetails/221229/starbucks-by-nespresso-intensity-8-house-blend-coffee-pods
147588,Uncle Tobys Oats Quick Sachets Creamy Vanilla Porridge 350g,$6.30 ,$1.80 / 100G,/shop/productdetails/147588/uncle-tobys-oats-quick-sachets-creamy-vanilla-porridge
802008,Capilano 100% Pure Australian Honey Twist & Squeeze 220g,$4.70 ,$2.14 / 100G,/shop/productdetails/802008/capilano-100-pure-australian-honey-twist-squeeze
742286,Heinz Beanz Baked Beans And Sausages 420g,$3.00 ,$0.71 / 100G,/shop/productdetails/742286/heinz-beanz-baked-beans-and-sausages-sausages
155194,La Costena Chunky Salsa Medium 310g,$5.80 ,$1.87 / 100G,/shop/productdetails/155194/la-costena-chunky-salsa-medium
35681,Moccona Freeze Dried Instant Coffee Classic Medium Roast 200g,$16.00 ,$8.00 / 100G,/shop/productdetails/35681/moccona-freeze-dried-instant-coffee-classic-medium-roast
145951,Continental Classics Flavoured Rice Chicken Family Pack Serves 4 190g,$3.50 ,$1.84 / 100G,/shop/productdetails/145951/continental-classics-flavoured-rice-chicken-family-pack-serves-4
446313,Continental Superb Stock Beef Stock Powder 125g,$3.00 ,$0.24 / 10G,/shop/productdetails/446313/continental-superb-stock-beef-stock-powder
24488,Equal Sweetener Tablets 300 Pack,$8.80 ,$2.93 / 100EA,/shop/productdetails/24488/equal-sweetener-tablets
189726,Pandaroo Coconut Cream 400ml,$2.00 ,$0.50 / 100ML,/shop/productdetails/189726/pandaroo-coconut-cream
758350,Dolmio Lasagne Bechamel Sauce 490g,$2.80 ,$0.57 / 100G,/shop/productdetails/758350/dolmio-lasagne-bechamel-sauce
187333,Old El Paso Refried Beans 435g,$4.50 ,$1.03 / 100G,/shop/productdetails/187333/old-el-paso-refried-beans
3466,Barilla Pesto Genovese Pasta Sauce 190g,$4.50 ,$2.37 / 100G,/shop/productdetails/3466/barilla-pesto-genovese-pasta-sauce-alla-genovese
149218,Woolworths Vanilla Extract 200ml,$10.00 ,$5.00 / 100ML,/shop/productdetails/149218/woolworths-vanilla-extract
33064,White Wings Plain Flour 1kg,$2.50 ,$2.50 / 1KG,/shop/productdetails/33064/white-wings-plain-flour
678348,Australian Organic Food Co Chicken Spelt & Vegetable Soup Pouch 330g,$3.90 ,$1.18 / 100G,/shop/productdetails/678348/australian-organic-food-co-chicken-spelt-vegetable-soup-pouch
584315,Edgell Red Kidney Beans Fibre Rich 400g,$1.70 ,$0.43 / 100G,/shop/productdetails/584315/edgell-red-kidney-beans-fibre-rich
35467,Moro Balsamic Vinegar Of Modena 500ml,$5.50 ,$1.10 / 100ML,/shop/productdetails/35467/moro-balsamic-vinegar-of-modena
17340,St Dalfour Strawberry 284g 284g,$5.70 ,$2.01 / 100G,/shop/productdetails/17340/st-dalfour-strawberry-284g
169015,Calbee Harvest Snaps Tasty Toppers Garlic & Rosemary Flavour 60g,$3.30 ,$5.50 / 100G,/shop/productdetails/169015/calbee-harvest-snaps-tasty-toppers-garlic-rosemary-flavour
624765,Heinz Beanz Baked Beans In Ham Sauce 300g,$2.80 ,$0.93 / 100G,/shop/productdetails/624765/heinz-beanz-baked-beans-in-ham-sauce-ham-sauce
659255,Csr Unrefined Coconut Sugar 250g,$4.00 ,$1.60 / 100G,/shop/productdetails/659255/csr-unrefined-coconut-sugar
65646,Edgell Snack Time Red Kidney Beans Salad Topper With Chilli 70g,$1.60 ,$2.29 / 100G,/shop/productdetails/65646/edgell-snack-time-red-kidney-beans-salad-topper-with-chilli
251526,Woolworths Italian Dressing 300ml,$1.80 ,$0.60 / 100ML,/shop/productdetails/251526/woolworths-italian-dressing-99-fat-free-italian
750772,Woolworths Vegetable Oil 2l,$7.40 ,$0.37 / 100ML,/shop/productdetails/750772/woolworths-vegetable-oil
803884,Haday Gold Label Oyster Sauce 530ml,$3.40 ,$0.64 / 100ML,/shop/productdetails/803884/haday-gold-label-oyster-sauce
200783,San Remo La Pasta Alfredo Single Snack 80g,$1.40 ,$1.75 / 100G,/shop/productdetails/200783/san-remo-la-pasta-alfredo-single-snack
74783,La Molisana Pastificio Extra Di Lusso Egg Fettuccine 250g,$3.50 ,$1.40 / 100G,/shop/productdetails/74783/la-molisana-pastificio-extra-di-lusso-egg-fettuccine
43500,Steeves Maples Maple Syrup 250ml,$5.50 ,$2.20 / 100ML,/shop/productdetails/43500/steeves-maples-maple-syrup
215331,Arnott's Gluten Free Teevee Snacks Original Biscuits 130g,$4.50 ,$3.46 / 100G,/shop/productdetails/215331/arnott-s-gluten-free-teevee-snacks-original-biscuits
79602,Continental Value Pack Fried Rice Oriental 180g,$3.50 ,$1.94 / 100G,/shop/productdetails/79602/continental-value-pack-fried-rice-oriental
157847,F. Whitlock & Sons Killer Baked Beans Smokey Campfire Bbq 420g,$2.50 ,$0.60 / 100G,/shop/productdetails/157847/f-whitlock-sons-killer-baked-beans-smokey-campfire-bbq
728546,Hp Original Barbecue Bbq Sauce 99% Fat Free Brown Sauce 390ml,$6.60 ,$1.69 / 100ML,/shop/productdetails/728546/hp-original-barbecue-bbq-sauce-99-fat-free-brown-sauce
748363,Maggi Stir Fry Honey Soy Garlic Flavour 150g,$3.50 ,$2.33 / 100G,/shop/productdetails/748363/maggi-stir-fry-honey-soy-garlic-flavour
204671,Woolworths Fruit Salad In Juice 825g,$4.00 ,$4.85 / 1KG,/shop/productdetails/204671/woolworths-fruit-salad-in-juice
90132,Edgell Corn Kernels No Added Salt 420g,$2.20 ,$5.24 / 1KG,/shop/productdetails/90132/edgell-corn-kernels-no-added-salt
673016,Wel Pac Dried Cut Seaweed 56.7g,$5.00 ,$8.82 / 100G,/shop/productdetails/673016/wel-pac-dried-cut-seaweed
669966,Woolworths Apple & Strawberry Puree In Pouch 90g,$0.95 ,$10.56 / 1KG,/shop/productdetails/669966/woolworths-apple-strawberry-puree-in-pouch
846488,Woolworths Dressing Coleslaw 290ml,$1.80 ,$0.62 / 100ML,/shop/productdetails/846488/woolworths-dressing-coleslaw
203550,Campbell's Real Soup Digest Sweet Potato & Carrot With Coconut 515g,$5.00 ,$0.97 / 100G,/shop/productdetails/203550/campbell-s-real-soup-digest-sweet-potato-carrot-with-coconut
319475,John West Tuna & 3 Beans 185g,$4.40 ,$23.78 / 1KG,/shop/productdetails/319475/john-west-tuna-3-beans
39484,San Remo Elbows Pasta No 35 500g,$2.30 ,$0.46 / 100G,/shop/productdetails/39484/san-remo-elbows-pasta-no-35
78775,Sanitarium Up&go Liquid Breakfast No Added Sugar Choc Ice 250ml X6 Pack,$10.50 ,$7.00 / 1L,/shop/productdetails/78775/sanitarium-up-go-liquid-breakfast-no-added-sugar-choc-ice
28589,Uncle Tobys Oats Breakfast Bakes Cereal Bar Honey & Roasted Almond 260g,$7.00 ,$2.69 / 100G,/shop/productdetails/28589/uncle-tobys-oats-breakfast-bakes-cereal-bar-honey-roasted-almond
258479,Woolworths Tomato Paste Pizza Squeeze Bottle 415g,$2.10 ,$0.51 / 100G,/shop/productdetails/258479/woolworths-tomato-paste-pizza-squeeze-bottle
846448,The Spice Tailor Delhi Biryani 360g,$4.75 ,$1.32 / 100G,/shop/productdetails/846448/the-spice-tailor-delhi-biryani
873019,Woolworths Smoked Oysters In Springwater 85g,$1.50 ,$17.65 / 1KG,/shop/productdetails/873019/woolworths-smoked-oysters-in-springwater
34391,Continental Simmer Soup Cream Of Chicken 45g,$1.70 ,$3.78 / 100G,/shop/productdetails/34391/continental-simmer-soup-cream-of-chicken
815875,Woolworths Dried Mango Slices 130g,$4.00 ,$30.77 / 1KG,/shop/productdetails/815875/woolworths-dried-mango-slices
106193,Annalisa Butter Beans 400g,$1.90 ,$0.48 / 100G,/shop/productdetails/106193/annalisa-butter-beans-butter-lima
862808,Ottogi Jin Ramen Mild Instant Noodles 120g,$1.80 ,$1.50 / 100G,/shop/productdetails/862808/ottogi-jin-ramen-mild-instant-noodles
34093,Edgell Australian Sliced Beetroot 425g,$2.20 ,$5.18 / 1KG,N/A
149502,Uncle Tobys Oats Quick Sachets Family Pack Original Porridge 680g,$9.50 ,$1.40 / 100G,N/A
204034,Uncle Tobys Squarz The Original Breakfast Cereal 460g,$6.50 ,$1.41 / 100G,N/A
698861,Essentials Olive Oil 1l,$8.80 ,$0.88 / 100ML,N/A
102760,Royal Feast Jasmine Rice 10kg,$19.00 ,$0.19 / 100G,N/A
309217,Wallaby Bakers Flour 5kg,$14.00 ,$2.80 / 1KG,N/A
298566,Woolworths Cocoa Powder 375g,$4.00 ,$1.07 / 100G,N/A
348321,Amy's Kitchen Canned Soup Organic Chunky Tomato Bisque 411g,$3.90 ,$0.95 / 100G,/shop/productdetails/348321/amy-s-kitchen-canned-soup-organic-chunky-tomato-bisque
700589,Macro Organic Baked Beans 420g,$1.60 ,$0.38 / 100G,/shop/productdetails/700589/macro-organic-baked-beans
793350,Sunsol Muesli Blueberry Chia Goji Coconut 500g,$6.00 ,$1.20 / 100G,/shop/productdetails/793350/sunsol-muesli-blueberry-chia-goji-coconut
148976,Uncle Tobys Oats Quick Sachets Classic Variety Porridge 350g,$6.30 ,$1.80 / 100G,/shop/productdetails/148976/uncle-tobys-oats-quick-sachets-classic-variety-porridge
343896,Maggi 2 Minute Beef Flavour Instant Noodles 5 Pack,$5.00 ,$1.35 / 100G,/shop/productdetails/343896/maggi-2-minute-beef-flavour-instant-noodles
362694,Mission Corn Chips Extreme Cheese 230g,$3.50 ,$1.52 / 100G,/shop/productdetails/362694/mission-corn-chips-extreme-cheese
109277,Sunrice Jasmine 2kg,$7.90 ,$0.40 / 100G,/shop/productdetails/109277/sunrice-jasmine
744518,Woolworths Fruit Salad In Juice Cups 4 Pack,$2.20 ,$4.40 / 1KG,/shop/productdetails/744518/woolworths-fruit-salad-in-juice-cups
710168,Birch & Waite Balsamic Vinaigrette 250ml,$6.00 ,$2.40 / 100ML,/shop/productdetails/710168/birch-waite-balsamic-vinaigrette
117602,Sunrice Hinata Short Grain Rice 5kg,$15.00 ,$0.30 / 100G,/shop/productdetails/117602/sunrice-hinata-short-grain-rice
123983,Suthera Thai Coconut Roll Original 70g,$5.00 ,$7.14 / 100G,/shop/productdetails/123983/suthera-thai-coconut-roll-original
98596,Zafarelli Fettuccine Pasta No 12 500g,$1.85 ,$0.37 / 100G,/shop/productdetails/98596/zafarelli-fettuccine-pasta-no-12
345864,Golden Circle Tinned Corn Canned Vegetables Tin Corn Kernels 410g,$1.90 ,$4.63 / 1KG,/shop/productdetails/345864/golden-circle-tinned-corn-canned-vegetables-tin-corn-kernels
828413,Yeo's Isoy Soy Bean Milk Drink 300ml,$1.25 ,$4.17 / 1L,/shop/productdetails/828413/yeo-s-isoy-soy-bean-milk-drink
56866,Health Rite Vegetable Salt 250g,$3.00 ,$0.12 / 10G,/shop/productdetails/56866/health-rite-vegetable-salt
803578,Queen Ultimate Sprinkles Midnight Magic 110g,$3.80 ,$3.45 / 100G,/shop/productdetails/803578/queen-ultimate-sprinkles-midnight-magic
707374,Woolworths Chives Fresh Herb 10g Punnet,$3.20 ,$3.20 / 10G,/shop/productdetails/707374/woolworths-chives-fresh-herb
676576,Hart & Soul All Natural Pho Soup Cup 100g,$2.00 ,$2.00 / 100G,/shop/productdetails/676576/hart-soul-all-natural-pho-soup-cup
151097,Vicenzi Savoiardi Lady Fingers 400g,$8.00 ,$2.00 / 100G,/shop/productdetails/151097/vicenzi-savoiardi-lady-fingers
963209,Don Antonio Pasta Sauce Sugo Al Basilico 500g,$7.00 ,$1.40 / 100G,/shop/productdetails/963209/don-antonio-pasta-sauce-sugo-al-basilico
205438,Massel Ultracubes Salt Reduced Chicken 105g,$3.00 ,$0.29 / 10G,/shop/productdetails/205438/massel-ultracubes-salt-reduced-chicken
104999,Spc Less Sugar Diced Peaches In Juice Fruit Cups 4 X 120g,$4.50 ,$9.38 / 1KG,/shop/productdetails/104999/spc-less-sugar-diced-peaches-in-juice-fruit-cups
254804,White Wings Cookie Mix Soft Centred Choc Chip 485g,$5.00 ,$1.03 / 100G,/shop/productdetails/254804/white-wings-cookie-mix-soft-centred-choc-chip
84764,Woolworths Evaporated Milk 385ml,$2.00 ,$5.19 / 1L,/shop/productdetails/84764/woolworths-evaporated-milk
82125,Valcom Paste Thai Green Curry 210g,$3.80 ,$1.81 / 100G,/shop/productdetails/82125/valcom-paste-thai-green-curry
147701,Vittoria Espresso Ground Coffee 500g,$20.00 ,$4.00 / 100G,/shop/productdetails/147701/vittoria-espresso-ground-coffee
489128,Ayam Coconut Milk 400ml,$3.90 ,$0.98 / 100ML,/shop/productdetails/489128/ayam-coconut-milk
715078,Heinz Big N Chunky Steak & Mushroom Soup Ready Meals 535g,$3.90 ,$0.73 / 100G,/shop/productdetails/715078/heinz-big-n-chunky-steak-mushroom-soup-ready-meals
701751,Kellogg's Crunchy Nut Corn Flakes Breakfast Cereal 380g,$7.00 ,$1.84 / 100G,/shop/productdetails/701751/kelloggs-crunchy-nut-corn-flakes-breakfast-cereal
799817,Maharajah's Choice Rosewater 250ml,$4.00 ,$1.60 / 100ML,/shop/productdetails/799817/maharajah-s-choice-rosewater
75194,Mckenzie's Pepper Black Ground 100g,$4.20 ,$0.42 / 10G,/shop/productdetails/75194/mckenzie-s-pepper-black-ground
682526,S&b Golden Curry Mix Mild 92g,$5.00 ,$5.43 / 100G,/shop/productdetails/682526/s-b-golden-curry-mix-mild
930176,Edgell Black Beans Plant Protein 400g,$1.70 ,$0.43 / 100G,/shop/productdetails/930176/edgell-black-beans-plant-protein
250679,Woolworths Gravy Mix Traditional 120g,$2.10 ,$0.18 / 10G,/shop/productdetails/250679/woolworths-gravy-mix-traditional
81271,Hart & Soul Chicken Bone Broth Soup 350g,$4.50 ,$1.29 / 100G,/shop/productdetails/81271/hart-soul-chicken-bone-broth-soup
88376,Sacla Pesto Sundried Tomato Free From 190g,$5.90 ,$3.11 / 100G,/shop/productdetails/88376/sacla-pesto-sundried-tomato-free-from
84590,Sunsol Pro-biotic Almond & Manuka Honey Toasted Muesli 400g,$7.00 ,$1.75 / 100G,/shop/productdetails/84590/sunsol-pro-biotic-almond-manuka-honey-toasted-muesli
245394,Woolworths Peach In Mango Flavoured Jelly 4 Pack,$2.20 ,$4.58 / 1KG,/shop/productdetails/245394/woolworths-peach-in-mango-flavoured-jelly
758299,Dolmio Extra Spicy Peppers Tomato Pasta Sauce 500g,$3.50 ,$0.70 / 100G,/shop/productdetails/758299/dolmio-extra-spicy-peppers-tomato-pasta-sauce
41853,Twinings English Breakfast Loose Leaf Tea 125g,$6.50 ,$5.20 / 100G,/shop/productdetails/41853/twinings-english-breakfast-loose-leaf-tea
332567,Yeo's Drink Lychee 300ml,$1.25 ,$4.17 / 1L,/shop/productdetails/332567/yeo-s-drink-lychee
34565,Sacla Pesto Classic Green 190g,$5.90 ,$3.11 / 100G,/shop/productdetails/34565/sacla-pesto-classic-green
254421,Woolworths Passionfruit Pulp Canned 170g,$1.09 ,$6.41 / 1KG,/shop/productdetails/254421/woolworths-passionfruit-pulp-canned
758447,Dolmio Creamy Carbonara Pasta Sauce 490g,$3.50 ,$0.71 / 100G,/shop/productdetails/758447/dolmio-creamy-carbonara-pasta-sauce
787707,Sandhurst Semi Dried Tomato Strips 125g,$4.80 ,$38.40 / 1KG,/shop/productdetails/787707/sandhurst-semi-dried-tomato-strips-sundried-strips
97730,Valcom Canned Bamboo Shoots Sliced 225g,$1.40 ,$6.22 / 1KG,/shop/productdetails/97730/valcom-canned-bamboo-shoots-sliced
250992,Woolworths Cayenne Pepper 30g,N/A,N/A,/shop/productdetails/250992/woolworths-cayenne-pepper
144784,Woolworths Fresh Parsley Bunch,$3.20 ,$3.20 / 1EA,/shop/productdetails/144784/woolworths-fresh-parsley
178262,Annalisa Chickpeas 400g,$1.90 ,$0.48 / 100G,/shop/productdetails/178262/annalisa-chickpeas
78921,Barilla Basilico Pasta Sauce 400g,$4.60 ,$1.15 / 100G,/shop/productdetails/78921/barilla-basilico-pasta-sauce-basilico-tomato-basil
758809,Spc Baked Beans Rich Tomato Salt Reduced 220g X 4 Pack,$6.00 ,$0.68 / 100G,/shop/productdetails/758809/spc-baked-beans-rich-tomato-salt-reduced
535605,Woolworths Wholemeal Plain Flour 1kg,$2.00 ,$2.00 / 1KG,/shop/productdetails/535605/woolworths-wholemeal-plain-flour
450832,"Leggo's Pasta Sauce Carbonara Fresh Cream, Onion & Cheese 490g",$4.30 ,$0.88 / 100G,/shop/productdetails/450832/leggo-s-pasta-sauce-carbonara-fresh-cream-onion-cheese
678536,Maggie Beer Natural Beef Stock 500ml,$5.50 ,$1.10 / 100ML,/shop/productdetails/678536/maggie-beer-natural-beef-stock
75979,Nerada Tea Bags 200 Pack 400g,$6.00 ,$0.03 / 1EA,/shop/productdetails/75979/nerada-tea-bags
206404,Sanitarium Up & Go Protein Energize Strawberry Breakfast Drink 6 Pack,$10.50 ,$7.00 / 1L,/shop/productdetails/206404/sanitarium-up-go-protein-energize-strawberry-breakfast-drink
112080,Csr White Sugar Cubes 450g,$4.90 ,$1.09 / 100G,/shop/productdetails/112080/csr-white-sugar-cubes
128211,Deep Cove Red Salmon 105g,$3.70 ,$35.24 / 1KG,/shop/productdetails/128211/deep-cove-red-salmon
109275,Meiji Yan Yan Snacks Chocolate 50g,$2.10 ,$4.20 / 100G,/shop/productdetails/109275/meiji-yan-yan-snacks-chocolate
58611,Mitani Chicken Salt 200g,$3.40 ,$0.17 / 10G,/shop/productdetails/58611/mitani-chicken-salt
147314,Nutella Hazelnut Chocolate Spread 750g,$9.75 ,$1.30 / 100G,/shop/productdetails/147314/nutella-hazelnut-chocolate-spread-spread
8254,Sunrice Brown Rice Medium Grain 2kg,$7.70 ,$0.39 / 100G,/shop/productdetails/8254/sunrice-brown-rice-medium-grain
94250,Edgell Peas & Carrots 420g,$2.50 ,$5.95 / 1KG,/shop/productdetails/94250/edgell-peas-carrots-peas-carrots
750524,Heinz Soup Of The Day Spicy Pumpkin Soup Pouch 430g,$4.50 ,$1.05 / 100G,/shop/productdetails/750524/heinz-soup-of-the-day-spicy-pumpkin-soup-pouch
251001,Woolworths Cinnamon Sugar 60g,$1.65 ,$0.28 / 10G,/shop/productdetails/251001/woolworths-cinnamon-sugar
115013,Leggo's Tomato Paste No Added Salt Triple Concentrate Sachets 4x50g,$3.00 ,$1.50 / 100G,/shop/productdetails/115013/leggo-s-tomato-paste-no-added-salt-triple-concentrate-sachets
64364,Kikkoman Gf Sushi Teriyaki Sauce 200ml,$4.60 ,$2.30 / 100ML,/shop/productdetails/64364/kikkoman-gf-sushi-teriyaki-sauce
129035,Woolworths Smoked Sprats In Oil 120g,$3.00 ,$25.00 / 1KG,/shop/productdetails/129035/woolworths-smoked-sprats-in-oil
257303,Woolworths Vinegar Balsamic White 250ml,$3.00 ,$1.20 / 100ML,/shop/productdetails/257303/woolworths-vinegar-balsamic-white
820275,Campbell's Bone Broth Free Range Chicken 500ml,$7.00 ,$1.40 / 100ML,/shop/productdetails/820275/campbell-s-bone-broth-free-range-chicken
,,,,
,,,,
