862414,Tamar Valley Dairy Kids Greek Yoghurt Pouch Raspberry 110g,$2.40,$2.18 / 100G,/shop/productdetails/862414/tamar-valley-dairy-kids-greek-yoghurt-pouch-raspberry
130502,Woolworths Bread Rolls Extra Soft Lunch 6 Pack,$2.50,$0.42 / 1EA,/shop/productdetails/130502/woolworths-bread-rolls-extra-soft-lunch
603317,Tip Top Sandwich Thins Wholemeal Bread 6 Pack,$3.00,$1.25 / 100G,/shop/productdetails/603317/tip-top-sandwich-thins-wholemeal-bread-bread-low-calories-carbs
141410,Mandarin Imperial Each,$0.41,$0.41 / 1EA,/shop/productdetails/141410/mandarin-imperial
105919,Fresh Pink Lady Apples Each,$0.70,$0.70 / 1EA,/shop/productdetails/105919/fresh-pink-lady-apples
646684,Yopro Danone High Protein Yoghurt No Added Sugar Vanilla 160g,$3.00,$1.88 / 100G,/shop/productdetails/646684/yopro-danone-high-protein-yoghurt-no-added-sugar-vanilla
281263,Vegemite Spread 150g,$3.80,$2.53 / 100G,/shop/productdetails/281263/vegemite-spread
317566,Woolworths Baby Leaf Beetroot Salad With Beetroot Bag 180g,$3.50,$19.44 / 1KG,/shop/productdetails/317566/woolworths-baby-leaf-beetroot-salad-with-beetroot-bag
165262,Fresh Raspberry 125g,$4.50,$36.00 / 1KG,/shop/productdetails/165262/driscoll-s-fresh-raspberry
139806,Fresh Rockmelon Whole Each,$5.90,$5.90 / 1EA,/shop/productdetails/139806/fresh-rockmelon-whole
345305,Twisties Cheese Snacks Multipack 6 Pack,$4.50,$3.95 / 100G,/shop/productdetails/345305/twisties-cheese-snacks-multipack
41814,Sakata Rice Crackers Plain 100g,$2.30,$2.30 / 100G,/shop/productdetails/41814/sakata-rice-crackers-plain
36047,Arnott's Sao Crackers Biscuits Original 250g,$3.50,$1.40 / 100G,/shop/productdetails/36047/arnott-s-sao-crackers-biscuits-original
86205,Woolworths Yoghurt Pouch Blueberry 70g,$0.75,$1.07 / 100G,/shop/productdetails/86205/woolworths-yoghurt-pouch-blueberry
39667,Sunbeam Australian Sultanas 6 Pack,$3.50,$14.58 / 1KG,/shop/productdetails/39667/sunbeam-australian-sultanas
770183,Woolworths Spring Water 12x600ml,$5.00,$0.69 / 1L,/shop/productdetails/770183/woolworths-spring-water
320195,Mission Wraps Mini Original 8 Pack,$5.50,$1.43 / 100G,/shop/productdetails/320195/mission-wraps-mini-original
827628,Woolworths Leafy Mix Salad 120g,$2.00,$16.67 / 1KG,/shop/productdetails/827628/woolworths-leafy-mix-salad
686461,Farmers Union Greek Style Yoghurt Pouch Strawberry 130g,$1.80,$1.38 / 100G,/shop/productdetails/686461/farmers-union-greek-style-yoghurt-pouch-strawberry
581176,Woolworths Wholemeal Soft Sandwich Bread 650g,$2.70,$0.42 / 100G,/shop/productdetails/581176/woolworths-wholemeal-soft-sandwich-bread
360392,Vaalia Kids Probiotic Yoghurt Pouch Tropical 140g,$2.40,$1.71 / 100G,/shop/productdetails/360392/vaalia-kids-probiotic-yoghurt-pouch-tropical
453873,Infuzions Veggie Straws 5 Pack,$4.00,$5.33 / 100G,/shop/productdetails/453873/infuzions-veggie-straws
544697,Primo Turkey Breast 80g,$3.70,$46.25 / 1KG,/shop/productdetails/544697/primo-turkey-breast
544699,Primo Danish Salami 80g,$3.70,$46.25 / 1KG,/shop/productdetails/544699/primo-danish-salami
97482,Arnott's Vita Weat 9 Grain Crispbreads 9 Grain 250g,$4.00,$1.60 / 100G,/shop/productdetails/97482/arnott-s-vita-weat-9-grain-crispbreads-9-grain
137102,Woolworths Continental Cucumbers Each,$1.50,$1.50 / 1EA,/shop/productdetails/137102/woolworths-continental-cucumbers
253937,Wonder White Wholemeal With Iron Sandwich Slice 700g,$4.40,$0.63 / 100G,/shop/productdetails/253937/wonder-white-wholemeal-with-iron-sandwich-slice
69756,Western Star Original Spreadable 500g,$6.50,$1.30 / 100G,/shop/productdetails/69756/western-star-original-spreadable
374976,Vaalia Kids Probiotic Yoghurt Pouch Banana 140g,$2.40,$1.71 / 100G,/shop/productdetails/374976/vaalia-kids-probiotic-yoghurt-pouch-banana
646706,Yopro Danone High Protein Yoghurt No Added Sugar Strawberry 160g,$3.00,$1.88 / 100G,/shop/productdetails/646706/yopro-danone-high-protein-yoghurt-no-added-sugar-strawberry
263669,Wonder White Bread Vitamins & Minerals Sandwich 700g,$4.40,$0.63 / 100G,/shop/productdetails/263669/wonder-white-bread-vitamins-minerals-sandwich
124806,Tamar Valley Dairy Kids Greek Yoghurt Pouch Banana 110g,N/A,N/A,/shop/productdetails/124806/tamar-valley-dairy-kids-greek-yoghurt-pouch-banana
663177,Farmers Union Greek Style Yogurt Pouch Real Vanilla Bean 130g,$1.80,$1.38 / 100G,/shop/productdetails/663177/farmers-union-greek-style-yogurt-pouch-real-vanilla-bean
323336,Sakata Rice Crackers Seaweed 90g,$2.30,$2.56 / 100G,/shop/productdetails/323336/sakata-rice-crackers-seaweed
374587,Yoplait Petit Miam Kids Yoghurt Pouch Blueberry 70g,$1.00,$1.43 / 100G,/shop/productdetails/374587/yoplait-petit-miam-kids-yoghurt-pouch-blueberry
955270,Yoplait Petit Miam Kids Yoghurt Pouch Vanilla 70g,$1.00,$1.43 / 100G,/shop/productdetails/955270/yoplait-petit-miam-kids-yoghurt-pouch-vanilla
384244,Arnott's Shapes Cheddar Cracker Biscuits 175g,$1.75,$1.00 / 100G,/shop/productdetails/384244/arnott-s-shapes-cheddar-cracker-biscuits
144497,Onion Red Each,$0.66,$0.66 / 1EA,/shop/productdetails/144497/onion-red
83408,Yopro Danone High Protein Yoghurt No Added Sugar Salted Caramel 160g,$3.00,$1.88 / 100G,/shop/productdetails/83408/yopro-danone-high-protein-yoghurt-no-added-sugar-salted-caramel
154340,Iceberg Lettuce Each,$2.90,$2.90 / 1EA,/shop/productdetails/154340/iceberg-lettuce
713816,Tip Top The One White Sandwich Slice Bread Loaf 700g,$4.40,$0.63 / 100G,/shop/productdetails/713816/tip-top-the-one-white-sandwich-slice-bread-loaf
633876,Woolworths Spring Water Minis 20x250ml,$6.80,$1.36 / 1L,/shop/productdetails/633876/woolworths-spring-water-minis
795069,Chobani Raspberry Greek Yogurt Pouch 140g,$2.50,$1.79 / 100G,/shop/productdetails/795069/chobani-raspberry-greek-yogurt-pouch-yoghurt-pouch
794607,Yopro Danone High Protein Yoghurt No Added Sugar Strawberry 150g,$3.00,$2.00 / 100G,/shop/productdetails/794607/yopro-danone-high-protein-yoghurt-no-added-sugar-strawberry
768097,Chobani Blueberry Greek Yogurt Pouch 140g,$2.50,$1.79 / 100G,/shop/productdetails/768097/chobani-blueberry-greek-yogurt-pouch-yoghurt-pouch
713834,Tip Top The One White Toast Slice Bread Loaf 700g,$4.40,$0.63 / 100G,/shop/productdetails/713834/tip-top-the-one-white-toast-slice-bread-loaf
794731,Yopro Danone High Protein Yoghurt No Added Sugar Vanilla 150g,$3.00,$2.00 / 100G,/shop/productdetails/794731/yopro-danone-high-protein-yoghurt-no-added-sugar-vanilla
686455,Farmers Union Greek Style Yoghurt Pouch Hint Of Real Mango 130g,$1.80,$1.38 / 100G,/shop/productdetails/686455/farmers-union-greek-style-yoghurt-pouch-hint-of-real-mango
28991,Bega Cheese Stringers Peelable Cheese 8 Pack,$6.50,$40.63 / 1KG,/shop/productdetails/28991/bega-cheese-stringers-peelable-cheese
744023,D'orsogna Deli Fresh Mild Salami 80g,$4.00,$50.00 / 1KG,/shop/productdetails/744023/d-orsogna-deli-fresh-mild-salami
324234,Uncle Tobys Roll-ups Rainbow Berry 6 Pack,$5.00,$5.32 / 100G,/shop/productdetails/324234/uncle-tobys-roll-ups-rainbow-berry
646685,Yopro Danone High Protein Yoghurt No Added Sugar Mango 160g,$3.00,$1.88 / 100G,/shop/productdetails/646685/yopro-danone-high-protein-yoghurt-no-added-sugar-mango
689922,Arnott's Tiny Teddy Chocolate Multipack Biscuits 8 Pack,$3.30,$1.65 / 100G,/shop/productdetails/689922/arnott-s-tiny-teddy-chocolate-multipack-biscuits
768123,Chobani Strawberry Greek Yogurt Pouch 140g,$2.50,$1.79 / 100G,/shop/productdetails/768123/chobani-strawberry-greek-yogurt-pouch-greek-yoghurt-pouch
751890,Vaalia Kids Probiotic Yoghurt Pouch Lactose Free Strawberry 140g,$2.40,$1.71 / 100G,/shop/productdetails/751890/vaalia-kids-probiotic-yoghurt-pouch-lactose-free-strawberry
169067,Woolworths Qukes Baby Cucumbers Punnet 250g,$3.50,$14.00 / 1KG,/shop/productdetails/169067/woolworths-qukes-baby-cucumbers-punnet
689557,Yopro Danone High Protein Yoghurt No Added Sugar Banana 160g,$3.00,$1.88 / 100G,/shop/productdetails/689557/yopro-danone-high-protein-yoghurt-no-added-sugar-banana
125177,Yoplait Petit Miam Kids Yoghurt Pouch Strawberry & Banana 70g,$1.00,$1.43 / 100G,/shop/productdetails/125177/yoplait-petit-miam-kids-yoghurt-pouch-strawberry-banana
312195,Yoplait Petit Miam Kids Yoghurt Pouch Banana 70g,$1.00,$1.43 / 100G,/shop/productdetails/312195/yoplait-petit-miam-kids-yoghurt-pouch-banana
751971,Vaalia Kids Probiotic Yoghurt Pouch Lactose Free Vanilla 140g,$2.40,$1.71 / 100G,/shop/productdetails/751971/vaalia-kids-probiotic-yoghurt-pouch-lactose-free-vanilla
648070,Yopro Danone High Protein Yoghurt No Added Sugar Passionfruit 160g,$3.00,$1.88 / 100G,/shop/productdetails/648070/yopro-danone-high-protein-yoghurt-no-added-sugar-passionfruit
862492,Pauls Bluey Yoghurt Pouch Vanilla 70g,$1.20,$1.71 / 100G,/shop/productdetails/862492/pauls-bluey-yoghurt-pouch-vanilla-vanilla-yellow
447755,Woolworths Lettuce Iceberg Blend Lettuce Blend 300g,$3.00,$10.00 / 1KG,/shop/productdetails/447755/woolworths-lettuce-iceberg-blend-lettuce-blend
259767,Woolworths Scone Homestyle Buttermilk 6 Pack,$6.00,$1.00 / 1EA,/shop/productdetails/259767/woolworths-scone-homestyle-buttermilk
60598,Yoplait Berry Punnet Mixed Yoghurts 6 Pack,$6.00,$0.63 / 100G,/shop/productdetails/60598/yoplait-berry-punnet-mixed-yoghurts
44934,Vaalia Probiotic Yoghurt French Vanilla 150gx 4 Pack,$4.00,$0.67 / 100G,/shop/productdetails/44934/vaalia-probiotic-yoghurt-french-vanilla
155003,Apple Royal Gala Each,$0.78,$0.78 / 1EA,/shop/productdetails/155003/apple-royal-gala
311977,Woolworths Sultanas 6 Pack,$2.00,$8.33 / 1KG,/shop/productdetails/311977/woolworths-sultanas
60997,Yoplait Classics Mixed Yoghurts 6 Pack,$6.00,$0.63 / 100G,/shop/productdetails/60997/yoplait-classics-mixed-yoghurts
245856,Smith's Crinkle Cut Chips Multipack Variety 20 Pack,$8.90,$2.34 / 100G,/shop/productdetails/245856/smith-s-crinkle-cut-chips-multipack-variety
510726,Woolworths Original Gluten Free Popcorn 10 Pack,$2.75,$1.38 / 100G,/shop/productdetails/510726/woolworths-original-gluten-free-popcorn
233376,Woolworths Caesar Salad Kit Kit 290g,$5.50,$18.97 / 1KG,/shop/productdetails/233376/woolworths-caesar-salad-kit-kit
795064,Yopro Danone High Protein Yoghurt No Added Sugar Banana 150g,$3.00,$2.00 / 100G,/shop/productdetails/795064/yopro-danone-high-protein-yoghurt-no-added-sugar-banana
544765,Primo Pepperoni Salami Hot 80g,$3.70,$46.25 / 1KG,/shop/productdetails/544765/primo-pepperoni-salami-hot
641527,Arnott's Shapes Multipack Crackers Barbecue 8 Pack,$4.50,$2.25 / 100G,/shop/productdetails/641527/arnott-s-shapes-multipack-crackers-barbecue
638009,Woolworths Lettuce Iceberg Shredded Lettuce 200g,$2.20,$11.00 / 1KG,/shop/productdetails/638009/woolworths-lettuce-iceberg-shredded-lettuce
71422,Real Foods Corn Thins Original 150g,$2.00,$1.33 / 100G,/shop/productdetails/71422/real-foods-corn-thins-original
199420,Western Star Supersoft Spreadable 500g,$6.50,$1.30 / 100G,/shop/productdetails/199420/western-star-supersoft-spreadable
794937,Yopro Danone High Protein Yoghurt No Added Sugar Mango 150g,$3.00,$2.00 / 100G,/shop/productdetails/794937/yopro-danone-high-protein-yoghurt-no-added-sugar-mango
324233,Uncle Tobys Roll-ups Rainbow Fruit Salad 6 Pack,$5.00,$5.32 / 100G,/shop/productdetails/324233/uncle-tobys-roll-ups-rainbow-fruit-salad
201257,Woolworths Bread Rolls Extra Soft Jumbo 6 Pack,$3.00,$0.50 / 1EA,/shop/productdetails/201257/woolworths-bread-rolls-extra-soft-jumbo
758182,Woolworths Thin Brown Rice Cakes Original 150g,$1.65,$1.10 / 100G,/shop/productdetails/758182/woolworths-thin-brown-rice-cakes-original
33878,Woolworths Bread Rolls Soft Hamburger 6 Pack,$2.50,$0.42 / 1EA,/shop/productdetails/33878/woolworths-bread-rolls-soft-hamburger
641535,Arnott's Shapes Multipack Crackers Mini Chicken Crimpy 8 Pack,$4.50,$2.25 / 100G,/shop/productdetails/641535/arnott-s-shapes-multipack-crackers-mini-chicken-crimpy
79773,Smith's Potato Chips Fun Mix Multipack Variety 20 Pack,$8.90,$2.37 / 100G,/shop/productdetails/79773/smith-s-potato-chips-fun-mix-multipack-variety
749588,Tip Top The One Wholemeal Sandwich Slice Bread Loaf 700g,$4.40,$0.63 / 100G,/shop/productdetails/749588/tip-top-the-one-wholemeal-sandwich-slice-bread-loaf
641538,Arnott's Tiny Teddy Hundreds & Thousands Multipack Biscuits 8 Pack,$3.30,$1.79 / 100G,/shop/productdetails/641538/arnott-s-tiny-teddy-hundreds-thousands-multipack-biscuits
581172,Woolworths White Soft Sandwich Bread 650g,$2.70,$0.42 / 100G,/shop/productdetails/581172/woolworths-white-soft-sandwich-bread
717324,Arnott's Wagon Wheels Multipack Chocolate Biscuits 8 Pack,$3.30,$1.74 / 100G,/shop/productdetails/717324/arnott-s-wagon-wheels-multipack-chocolate-biscuits
587116,Woolworths Choc Chip Minis 8 Pack 180g,$2.30,$1.28 / 100G,/shop/productdetails/587116/woolworths-choc-chip-minis
378031,Parker's Baked Pretzels Multipack Salted 6 Pack,$4.50,$3.00 / 100G,/shop/productdetails/378031/parker-s-baked-pretzels-multipack-salted
794967,Yopro Danone High Protein Yoghurt No Added Sugar Passionfruit 150g,$3.00,$2.00 / 100G,/shop/productdetails/794967/yopro-danone-high-protein-yoghurt-no-added-sugar-passionfruit
168114,Farmers Union Greek Style Yoghurt Pouch Passionfruit 130g,$1.80,$1.38 / 100G,/shop/productdetails/168114/farmers-union-greek-style-yoghurt-pouch-passionfruit
8519,Golden Days Snacks Sesame Snaps 3x40g,$3.00,$2.50 / 100G,/shop/productdetails/8519/golden-days-snacks-sesame-snaps
79914,Smith's Potato Chips Snack Mix Variety Multipack 20 Pack,$8.90,$2.25 / 100G,/shop/productdetails/79914/smith-s-potato-chips-snack-mix-variety-multipack
805964,Yoplait Petit Miam Mango Pouch 70g,$1.00,$1.43 / 100G,/shop/productdetails/805964/yoplait-petit-miam-mango-pouch
331286,Woolworths Original Rice Crackers 100g,$0.90,$0.90 / 100G,/shop/productdetails/331286/woolworths-original-rice-crackers
324231,Uncle Tobys Roll-ups Strawberry Fun Prints 6 Pack,$5.00,$5.32 / 100G,/shop/productdetails/324231/uncle-tobys-roll-ups-strawberry-fun-prints
751972,Pauls Custard Pouch Bluey Vanilla 70g,$1.90,$2.71 / 100G,/shop/productdetails/751972/pauls-custard-pouch-bluey-vanilla-custard
641531,Arnott's Shapes Multipack Crackers Pizza 8 Pack,$4.50,$2.25 / 100G,/shop/productdetails/641531/arnott-s-shapes-multipack-crackers-pizza
515547,Woolworths Thai Salad Kit 315g,$5.50,$1.75 / 100G,/shop/productdetails/515547/woolworths-thai-salad-kit
687630,Chobani Flip Greek Yogurt Cookies & Cream Crunch 140g,$3.50,$2.50 / 100G,/shop/productdetails/687630/chobani-flip-greek-yogurt-cookies-cream-crunch
706265,Activia Danone Probiotic Yoghurt No Added Sugar Vanilla 125g X 4 Pack,$5.75,$1.15 / 100G,/shop/productdetails/706265/activia-danone-probiotic-yoghurt-no-added-sugar-vanilla
33909,Woolworths Bread Rolls Hotdog Extra Soft 6 Pack,$2.50,$0.42 / 1EA,/shop/productdetails/33909/woolworths-bread-rolls-hotdog-extra-soft
36090,Arnott's Vita Weat Sesame Crispbreads Sesame 250g,$4.00,$1.60 / 100G,/shop/productdetails/36090/arnott-s-vita-weat-sesame-crispbreads-sesame
170038,Jalna Pouch Of Purity Strawberry Yoghurt 100g,N/A,N/A,/shop/productdetails/170038/jalna-pouch-of-purity-strawberry-yoghurt
661322,Sunbeam Australian Sultanas Mini 8 Pack,$3.20,$26.67 / 1KG,/shop/productdetails/661322/sunbeam-australian-sultanas-mini
825167,Woolworths Cr√®me Wafer Minis 6 Pack,$2.90,$1.66 / 100G,/shop/productdetails/825167/woolworths-cr-me-wafer-minis
124844,Yoplait Petit Miam Kids Yoghurt Pouch Vanilla & Apple 70g,$1.00,$1.43 / 100G,/shop/productdetails/124844/yoplait-petit-miam-kids-yoghurt-pouch-vanilla-apple
143109,Mushrooms Cups Loose Per Kg,N/A,N/A,/shop/productdetails/143109/mushrooms-cups-loose
926531,Chobani Vanilla Greek Yogurt Pouch 140g,$2.50,$1.79 / 100G,/shop/productdetails/926531/chobani-vanilla-greek-yogurt-pouch-yoghurt-pouch
310968,Woolworths Fresh Pink Lady Apples Punnet 1kg,$4.00,$4.00 / 1KG,/shop/productdetails/310968/woolworths-fresh-pink-lady-apples-punnet
687605,Chobani Flip Greek Yogurt Strawberry Shortcake 140g,$3.50,$2.50 / 100G,/shop/productdetails/687605/chobani-flip-greek-yogurt-strawberry-shortcake
345300,Smith's Crinkle Cut Potato Chips Multipack Original 6 Pack,$4.50,$3.95 / 100G,/shop/productdetails/345300/smith-s-crinkle-cut-potato-chips-multipack-original
64025,Brownes Wiggles Strawberry Pouch Lactose Free 90g,$1.10,$1.22 / 100G,/shop/productdetails/64025/brownes-dairy-wiggles-strawberry-pouch-lactose-free
862495,Siggi's Yoghurt Raspberry 125g,$1.25,$1.00 / 100G,/shop/productdetails/862495/siggi-s-yoghurt-raspberry-raspberry
466062,Sunbeam Yoghurt Coated Sultanas 180g,$5.00,$27.78 / 1KG,/shop/productdetails/466062/sunbeam-yoghurt-coated-sultanas
706273,Activia Danone Probiotic Yoghurt No Added Sugar Strawberry 125g X 4 Pack,$5.75,$1.15 / 100G,/shop/productdetails/706273/activia-danone-probiotic-yoghurt-no-added-sugar-strawberry
201252,Woolworths Extra Soft Bread Rolls Jumbo Hamburger 6 Pack,$3.00,$0.50 / 1EA,/shop/productdetails/201252/woolworths-extra-soft-bread-rolls-jumbo-hamburger
279902,Pauls Strawberry Vanilla & Banana Kids Yoghurt Bluey 95gx 12 Pack,$7.00,$0.61 / 100G,/shop/productdetails/279902/pauls-strawberry-vanilla-banana-kids-yoghurt-bluey
161734,Sakata Stars Rice Crackers Snack Pack Multipack Plain 7 Pack,$3.80,$4.18 / 100G,/shop/productdetails/161734/sakata-stars-rice-crackers-snack-pack-multipack-plain
744022,D'orsogna Deli Fresh Spicy Chorizo Salami 80g,$4.00,$50.00 / 1KG,/shop/productdetails/744022/d-orsogna-deli-fresh-spicy-chorizo-salami
159626,Woolworths Greek Salad Kit 270g,$6.00,$22.22 / 1KG,/shop/productdetails/159626/woolworths-greek-salad-kit
152608,Woolworths Mushrooms Button 200g Punnet,$4.00,$20.00 / 1KG,/shop/productdetails/152608/woolworths-mushrooms-button
689539,Chobani Fit Strawberry High Protein Greek Yogurt Pouch 140g,$2.70,$1.93 / 100G,/shop/productdetails/689539/chobani-fit-strawberry-high-protein-greek-yogurt-pouch
751963,Pauls Custard Pouch Bluey Chocolate 70g,$1.90,$2.71 / 100G,/shop/productdetails/751963/pauls-custard-pouch-bluey-chocolate-custard
581174,Woolworths White Soft Toast Bread 650g,$2.70,$0.42 / 100G,/shop/productdetails/581174/woolworths-white-soft-toast-bread
27806,Woolworths Bread Rolls Soft Wholemeal Lunch 6 Pack,$2.50,$0.42 / 1EA,/shop/productdetails/27806/woolworths-bread-rolls-soft-wholemeal-lunch
138801,White Seedless Grapes Bunch Each,$6.18,$6.18 / 1EA,/shop/productdetails/138801/white-seedless-grapes-bunch
130769,Woolworths Spring Water Sipper 1l,$1.20,$1.20 / 1L,/shop/productdetails/130769/woolworths-spring-water-sipper
816095,Pringles Minis Sour Cream & Onion Potato Chips Multipack 95g,$4.00,$4.21 / 100G,/shop/productdetails/816095/pringles-minis-sour-cream-onion-potato-chips-multipack
581281,Woolworths Wholemeal Sandwich Hi-fibre Bread 700g,$3.50,$0.50 / 100G,/shop/productdetails/581281/woolworths-wholemeal-sandwich-hi-fibre-bread
345301,"Smith's Crinkle Cut Potato Chips Multipack Salt, Vinegar 6 Pack",$4.50,$3.95 / 100G,/shop/productdetails/345301/smith-s-crinkle-cut-potato-chips-multipack-salt-vinegar
169792,Fresh Blueberries Punnet 125g,$5.90,$47.20 / 1KG,/shop/productdetails/169792/fresh-blueberries-punnet
62864,Siggi's Yoghurt Pouch Raspberry 150g,$1.25,$0.83 / 100G,/shop/productdetails/62864/siggi-s-yoghurt-pouch-raspberry-raspberry
663179,Farmers Union Greek Style Yogurt Pouch Natural 130g,$1.80,$1.38 / 100G,/shop/productdetails/663179/farmers-union-greek-style-yogurt-pouch-natural
161108,Sakata Stars Rice Crackers Snack Pack Multipack Cheese 7 Pack,$3.80,$4.18 / 100G,/shop/productdetails/161108/sakata-stars-rice-crackers-snack-pack-multipack-cheese
729836,Oreo Milk Chocolate Wafer Sticks Biscuits Multipack 128g,$3.00,$2.34 / 100G,/shop/productdetails/729836/oreo-milk-chocolate-wafer-sticks-biscuits-multipack
384250,Arnott's Jatz Original Crackers 225g,$2.80,$1.24 / 100G,/shop/productdetails/384250/arnott-s-jatz-original-crackers-crackers
62883,Siggi's Yoghurt Pouch Vanilla 150g,$1.25,$0.83 / 100G,/shop/productdetails/62883/siggi-s-yoghurt-pouch-vanilla-vanilla
75073,Vaalia Probiotic Yoghurt Passionfruit 150gx 4 Pack,$4.00,$0.67 / 100G,/shop/productdetails/75073/vaalia-probiotic-yoghurt-passionfruit-yoghurt
230157,Vitasoy Greek Style Soy Yogurt Hint Of Strawberry 140g,$2.70,$1.93 / 100G,/shop/productdetails/230157/vitasoy-greek-style-soy-yogurt-hint-of-strawberry
175734,D'orsogna Ham Leg Triple Smoked 97% Fat Free Shaved 1kg,$25.00,$25.00 / 1KG,/shop/productdetails/175734/d-orsogna-ham-leg-triple-smoked-97-fat-free-shaved
855571,Sunbites Crackers With Quinoa Sea Salt 105g,$3.30,$3.14 / 100G,/shop/productdetails/855571/sunbites-crackers-with-quinoa-sea-salt
157954,John West Calcium Rich Tuna Olive Oil Blend 90g,$2.00,$22.22 / 1KG,/shop/productdetails/157954/john-west-calcium-rich-tuna-olive-oil-blend
85308,Siggi's Yoghurt Strawberry 150g,$1.25,$0.83 / 100G,/shop/productdetails/85308/siggi-s-yoghurt-strawberry
170294,Jalna Pouch Of Purity Vanilla Yoghurt 100g,N/A,N/A,/shop/productdetails/170294/jalna-pouch-of-purity-vanilla-yoghurt
63923,Brownes Wiggles Blueberry Pouch Lactose Free 90g,$1.10,$1.22 / 100G,/shop/productdetails/63923/brownes-dairy-wiggles-blueberry-pouch-lactose-free
312179,Yoplait Petit Miam Fruit Salad 70g,$1.00,$1.43 / 100G,/shop/productdetails/312179/yoplait-petit-miam-fruit-salad
775369,The Odd Bunch Avocado Prepacked 1kg,$5.50,$5.50 / 1KG,/shop/productdetails/775369/the-odd-bunch-avocado-prepacked
816096,Pringles Minis Original Potato Chips Multipack 95g,$4.00,$4.21 / 100G,/shop/productdetails/816096/pringles-minis-original-potato-chips-multipack
795918,D'orsogna Ham Leg Shaved 400g,$5.70,$14.25 / 1KG,/shop/productdetails/795918/d-orsogna-ham-leg-shaved
375537,Five:am Organic Vanilla Bean Yoghurt 170g,$3.00,$1.76 / 100G,/shop/productdetails/375537/five-am-organic-vanilla-bean-yoghurt
139238,Kiwi Fruit Green Each,$0.95,$0.95 / 1EA,/shop/productdetails/139238/kiwi-fruit-green
334160,Nice & Natural Fruit Strings Strawberry 136g,$5.25,$3.86 / 100G,/shop/productdetails/334160/nice-natural-fruit-strings-strawberry
377589,Cobs Popcorn Sea Salt Gluten Free 80g,$3.00,$3.75 / 100G,/shop/productdetails/377589/cobs-popcorn-sea-salt-gluten-free
177190,Sunbeam Sultanas & Apple 6 Pack,$4.00,$26.67 / 1KG,/shop/productdetails/177190/sunbeam-sultanas-apple
186910,Avocado Shepard Each,N/A,N/A,/shop/productdetails/186910/avocado-shepard
544761,Primo Champagne Ham Thinly Sliced 100g,$3.70,$37.00 / 1KG,/shop/productdetails/544761/primo-champagne-ham-thinly-sliced
169160,Woolworths Caesar Salad Kit Tub 250g,N/A,N/A,/shop/productdetails/169160/woolworths-caesar-salad-kit-tub
219268,Tasty Toobs Multipack 5 Pack,$4.50,$30.00 / 100G,/shop/productdetails/219268/tasty-toobs-tasty-toobs-multipack
197074,Vaalia Probiotic Yoghurt Lemon Creme 150gx 4 Pack,$4.00,$0.67 / 100G,/shop/productdetails/197074/vaalia-probiotic-yoghurt-lemon-creme-yoghurt
862516,Siggi's Yoghurt Mixed Berry 125g,$1.25,$1.00 / 100G,/shop/productdetails/862516/siggi-s-yoghurt-mixed-berry-mixed-berry
800774,The Odd Bunch Pear Prepacked 1kg,$2.30,$2.30 / 1KG,/shop/productdetails/800774/the-odd-bunch-pear-prepacked
768721,Sustagen Vanilla Ready To Drink 3x250ml,$6.20,$8.27 / 1L,/shop/productdetails/768721/sustagen-vanilla-ready-to-drink
168057,Chobani Mango Greek Yogurt Pouch 140g,$2.50,$1.79 / 100G,/shop/productdetails/168057/chobani-mango-greek-yogurt-pouch
169923,Chobani Fit Raspberry High Protein Greek Yogurt Pouch 140g,$2.70,$1.93 / 100G,/shop/productdetails/169923/chobani-fit-raspberry-high-protein-greek-yogurt-pouch
211476,Nestle Sustagen Dutch Chocolate Ready To Drink 3x250ml,$6.20,$8.27 / 1L,/shop/productdetails/211476/nestle-sustagen-dutch-chocolate-ready-to-drink
248247,Uncle Tobys Muesli Bars Yoghurt & Strawberry 6 Pack,$3.50,$1.89 / 100G,/shop/productdetails/248247/uncle-tobys-muesli-bars-yoghurt-strawberry
245847,Thins Top 20 Variety Multipack Chips 20 Pack 375g,$7.50,$2.00 / 100G,/shop/productdetails/245847/thins-top-20-variety-multipack-chips-20-pack
148409,Pump Spring Water Bottle 1.25l,$2.95,$2.36 / 1L,/shop/productdetails/148409/pump-spring-water-bottle
862520,Siggi's Yoghurt Black Cherry 125g,$1.25,$1.00 / 100G,/shop/productdetails/862520/siggi-s-yoghurt-black-cherry
232038,Vitasoy Greek Style Soy Yogurt Hint Of Mango & Passionfruit 140g,$2.70,$1.93 / 100G,/shop/productdetails/232038/vitasoy-greek-style-soy-yogurt-hint-of-mango-passionfruit
33908,Woolworths Bread Rolls Crusty Lunch 6 Pack,$2.50,$0.42 / 1EA,/shop/productdetails/33908/woolworths-bread-rolls-crusty-lunch
224941,Woolworths Tasty Cheese Slices 500g,$8.60,$17.20 / 1KG,/shop/productdetails/224941/woolworths-tasty-cheese-slices
611904,Chobani Flip Greek Yogurt Mint Choc Chip 140g,$3.50,$2.50 / 100G,/shop/productdetails/611904/chobani-flip-greek-yogurt-mint-choc-chip
177189,Sunbeam Sultanas & Apricot 6 Pack,$4.00,$18.02 / 1KG,/shop/productdetails/177189/sunbeam-sultanas-apricot
405838,Grapes Red Seedless Each,$3.33,$3.33 / 1EA,/shop/productdetails/405838/grapes-red-seedless
377593,Cobs Natural Popcorn Lightly Salted Slightly Sweet 120g,$3.00,$2.50 / 100G,/shop/productdetails/377593/cobs-natural-popcorn-lightly-salted-slightly-sweet
305675,Golden Days Bars Sesame Snaps Dark Chocolate 120g,$3.50,$2.92 / 100G,/shop/productdetails/305675/golden-days-bars-sesame-snaps-dark-chocolate
820459,Cobs Natural Popcorn Sea Salt Multipack 5 Pack,$4.00,$6.15 / 100G,/shop/productdetails/820459/cobs-natural-popcorn-sea-salt-multipack
641534,Arnott's Mini Choc Chip Cookie Multipack Biscuits 7 Pack,$3.30,$1.89 / 100G,/shop/productdetails/641534/arnott-s-mini-choc-chip-cookie-multipack-biscuits
298121,Woolworths Bread Rolls Bacon & Cheese 6 Pack,$6.00,$1.00 / 1EA,/shop/productdetails/298121/woolworths-bread-rolls-bacon-cheese
667658,Uncle Tobys Muesli Bar Yoghurt Varieties 15 Pack,$7.00,$1.49 / 100G,/shop/productdetails/667658/uncle-tobys-muesli-bar-yoghurt-varieties
597602,Uncle Tobys Muesli Bars Choc Chip 15 Pack,$7.00,$1.49 / 100G,/shop/productdetails/597602/uncle-tobys-muesli-bars-choc-chip
773764,Sunbeam Sultanas & Cranberry 6 Pack,$4.00,$17.09 / 1KG,/shop/productdetails/773764/sunbeam-sultanas-cranberry
699836,Woolworths Thin Corn Cake With Brown Rice 150g,$1.65,$1.10 / 100G,/shop/productdetails/699836/woolworths-thin-corn-cake-with-brown-rice
862577,Pauls Kids Yoghurt Pouch Banana The Lion King 70g,$1.20,$1.71 / 100G,/shop/productdetails/862577/pauls-kids-yoghurt-pouch-banana-the-lion-king
167239,John West Protein+ Vitamin B12 Tuna Bowl Couscous Rice Tomato & Onion 170g,$4.00,$23.53 / 1KG,/shop/productdetails/167239/john-west-protein-vitamin-b12-tuna-bowl-couscous-rice-tomato-onion
4021,Real Foods Corn Thins Multigrain 150g,$2.00,$1.33 / 100G,/shop/productdetails/4021/real-foods-corn-thins-multigrain
757540,Woolworths Jumbo Tiger Rolls 6 Pack,$3.00,$0.50 / 1EA,/shop/productdetails/757540/woolworths-jumbo-tiger-rolls
500187,Hillview Cheese Block 1kg,$11.00,$11.00 / 1KG,/shop/productdetails/500187/hillview-cheese-block
129892,Nutella B-ready Biscuit Multipack 6 Pack,$4.00,$3.03 / 100G,/shop/productdetails/129892/nutella-b-ready-biscuit-multipack
330959,Peckish Thins Rice Crackers Original 100g,$2.50,$2.50 / 100G,/shop/productdetails/330959/peckish-thins-rice-crackers-original
510428,Belvita Strawberry Yoghurt Breakfast Biscuits 5 Pack,$4.50,$1.78 / 100G,/shop/productdetails/510428/belvita-strawberry-yoghurt-breakfast-biscuits
756110,Liddells Lactose Free Yoghurt Strawberry 140g X 4 Pack,$6.20,$1.11 / 100G,/shop/productdetails/756110/liddells-lactose-free-yoghurt-strawberry
57855,Vege Chips Multi 12 Pack 250g,$9.50,$3.80 / 100G,/shop/productdetails/57855/vege-chips-multi-12-pack
758184,Woolworths Thin Rice Cakes Sour Cream & Chives 125g,$1.65,$1.32 / 100G,/shop/productdetails/758184/woolworths-thin-rice-cakes-sour-cream-chives
711773,Woolworths Popcorn Sweet & Salty 10 Pack,$2.75,$1.38 / 100G,/shop/productdetails/711773/woolworths-popcorn-sweet-salty
820458,Cobs Popcorn Lightly Salted Slightly Sweet Gluten Free 5 Pack,$4.00,$6.15 / 100G,/shop/productdetails/820458/cobs-popcorn-lightly-salted-slightly-sweet-gluten-free
157659,John West Calcium Rich Tuna Springwater 90g,$2.00,$22.22 / 1KG,/shop/productdetails/157659/john-west-calcium-rich-tuna-springwater
777201,Woolworths Free From Gluten Ingredients Tortilla Corn 280g,$3.20,$1.14 / 100G,/shop/productdetails/777201/woolworths-free-from-gluten-ingredients-tortilla-corn
167863,Sanitarium Up&go Liquid Breakfast Choc Ice 6 Pack,$10.50,$7.00 / 1L,/shop/productdetails/167863/sanitarium-up-go-liquid-breakfast-choc-ice
33593,Woolworths All Butter Croissants 4 Pack,$2.85,$0.71 / 1EA,/shop/productdetails/33593/woolworths-all-butter-croissants
346623,Bega Stringers Cheddar Cheese 8 Pack,$6.50,$40.63 / 1KG,/shop/productdetails/346623/bega-stringers-cheddar-cheese
299946,Red Rock Deli Potato Chips Multipack Variety - Deli Style 28g X10 Pack,$8.90,$3.18 / 100G,/shop/productdetails/299946/red-rock-deli-potato-chips-multipack-variety-deli-style
154927,Woolworths Crusty Vienna Loaf 450g,$3.00,$3.00 / 1EA,/shop/productdetails/154927/woolworths-crusty-vienna-loaf
36059,Arnott's Cruskits Original Crispbreads Original 125g,$3.50,$2.80 / 100G,/shop/productdetails/36059/arnott-s-cruskits-original-crispbreads-original
611808,Chobani Flip Greek Yogurt Key Lime Crumble 140g,$3.50,$2.50 / 100G,/shop/productdetails/611808/chobani-flip-greek-yogurt-key-lime-crumble
717255,Sanitarium Up&go Liquid Breakfast Choc Ice 12 Pack,$15.80,$5.27 / 1L,/shop/productdetails/717255/sanitarium-up-go-liquid-breakfast-choc-ice
310966,Woolworths Fresh Granny Smith Apples Punnet 1kg,$4.90,$4.90 / 1KG,/shop/productdetails/310966/woolworths-fresh-granny-smith-apples-punnet
548220,Pauls Custard Pouch Bluey Strawberry 70g,$1.90,$2.71 / 100G,/shop/productdetails/548220/pauls-custard-pouch-bluey-strawberry-strawberry
35231,Fantastic Rice Crackers Original 100g,$2.30,$2.30 / 100G,/shop/productdetails/35231/fantastic-rice-crackers-original
862488,Siggi's 4% Fat Yoghurt Vanilla 125g,$1.25,$1.00 / 100G,/shop/productdetails/862488/siggi-s-4-fat-yoghurt-vanilla
230622,Vitasoy Greek Style Soy Yogurt Hint Of Vanilla 140g,$2.70,$1.93 / 100G,/shop/productdetails/230622/vitasoy-greek-style-soy-yogurt-hint-of-vanilla
63584,Primo Stackers Mild Salami Cheese And Crackers 50g,$4.25,$85.00 / 1KG,/shop/productdetails/63584/primo-stackers-mild-salami-cheese-and-crackers
30718,Woolworths Bread Rolls Grain Lunch 6 Pack,$2.50,$0.42 / 1EA,/shop/productdetails/30718/woolworths-bread-rolls-grain-lunch
348705,Woolworths Swiss Cheese Slices 200g,$5.00,$25.00 / 1KG,/shop/productdetails/348705/woolworths-swiss-cheese-slices
824734,Armada Resealable Snack Bags 50 Pack,$1.60,$0.03 / 1EA,/shop/productdetails/824734/armada-resealable-snack-bags
365259,V8 Tropical Juce Multipack 3 X 250ml,$4.30,$5.73 / 1L,/shop/productdetails/365259/v8-tropical-juce-multipack
747180,Real Foods Corn Thins Tasty Cheese 125g,$2.00,$1.60 / 100G,/shop/productdetails/747180/real-foods-corn-thins-tasty-cheese
345303,Doritos Corn Chips Multipack Cheese Supreme 6 Pack,$4.50,$3.95 / 100G,/shop/productdetails/345303/doritos-corn-chips-multipack-cheese-supreme
926796,Mamee Noodle Snacks Chicken 8pk 200g,$3.80,$1.90 / 100G,/shop/productdetails/926796/mamee-noodle-snacks-chicken-8pk
664101,Uncle Tobys Choc Faves Muesli Bars 15 Pack,$7.00,$1.49 / 100G,/shop/productdetails/664101/uncle-tobys-choc-faves-muesli-bars
381923,Kanzi Apple Each,$1.21,$1.21 / 1EA,/shop/productdetails/381923/kanzi-apple
248249,Uncle Tobys Muesli Bars Chewy Choc Chip 6 Pack,$3.50,$1.89 / 100G,/shop/productdetails/248249/uncle-tobys-muesli-bars-chewy-choc-chip
749800,V8 Breakfast Juice Multipack 3 X 250ml,$4.30,$5.73 / 1L,/shop/productdetails/749800/v8-breakfast-juice-multipack
795982,D'orsogna Ham Honey Leg Shaved 400g,$5.70,$14.25 / 1KG,/shop/productdetails/795982/d-orsogna-ham-honey-leg-shaved
769558,Bega Tasty Cheese Slices 500g,$9.50,$19.00 / 1KG,/shop/productdetails/769558/bega-tasty-cheese-slices
338087,Woolworths Asian Salad Kit Tub 250g,$6.50,$26.00 / 1KG,/shop/productdetails/338087/woolworths-asian-salad-kit-tub
201685,Woolworths Mushrooms Cups Sliced 375g Punnet,$5.90,$15.73 / 1KG,/shop/productdetails/201685/woolworths-mushrooms-cups-sliced
310237,Woolworths Tasty Cheese Block 500g,$7.70,$15.40 / 1KG,/shop/productdetails/310237/woolworths-tasty-cheese-block
611783,Chobani Flip Greek Yogurt Almond Coco Loco 140g,$3.50,$2.50 / 100G,/shop/productdetails/611783/chobani-flip-greek-yogurt-almond-coco-loco
293630,Thins Multipack Classic Original Chips 6 Pack,$4.15,$3.64 / 100G,/shop/productdetails/293630/thins-multipack-classic-original-chips
517079,Armada Resealable Sandwich Bags 120 Pack,$3.65,$0.03 / 1EA,/shop/productdetails/517079/armada-resealable-sandwich-bags
768911,Sanitarium Up&go Protein Energize Choc 250ml X12 Pack,$15.80,$5.27 / 1L,/shop/productdetails/768911/sanitarium-up-go-protein-energize-choc
79619,Jumpy's Chicken Chips 5 Pack,$4.15,$4.61 / 100G,/shop/productdetails/79619/jumpy-s-chicken-chips
175497,Pureau Ultra Pure Water 600ml X 12 Pack,$9.30,$1.29 / 1L,/shop/productdetails/175497/pureau-ultra-pure-water
597604,Uncle Tobys Yoghurt Muesli Bars Strawberry 469g,$7.00,$1.49 / 100G,/shop/productdetails/597604/uncle-tobys-yoghurt-muesli-bars-strawberry
378069,Woolworths Multigrain Brown Rice Crackers 100g,$1.35,$1.35 / 100G,/shop/productdetails/378069/woolworths-multigrain-brown-rice-crackers
248197,Uncle Tobys Le Snak Tasty Cheese Dip & Crackers 12 Pack,$9.00,$3.41 / 100G,/shop/productdetails/248197/uncle-tobys-le-snak-tasty-cheese-dip-crackers
761414,Envy Apple Each,$1.21,$1.21 / 1EA,/shop/productdetails/761414/envy-apple
526015,Woolworths Peach In Strawberry Jelly 4 Pack,$2.20,$4.58 / 1KG,/shop/productdetails/526015/woolworths-peach-in-strawberry-jelly
641526,Arnott's Mini Scotch Finger Multipack Biscuits 8 Pack,$3.30,$1.65 / 100G,/shop/productdetails/641526/arnott-s-mini-scotch-finger-multipack-biscuits
243055,Yoplait Strawberry Sundae Pouch Yogurt 130g,$1.80,$1.38 / 100G,/shop/productdetails/243055/yoplait-strawberry-sundae-pouch-yogurt
75238,Helga's Bread Light Rye 680g,$4.90,$0.72 / 100G,/shop/productdetails/75238/helga-s-bread-light-rye
328822,Woolworths Banana Bread Slices 5 Pack,$6.50,$1.30 / 100G,/shop/productdetails/328822/woolworths-banana-bread-slices
620121,D'orsogna Jarrah Honey Ham Off The Bone Freshly Sliced From The Deli Per Kg,$27.50,$27.50 / 1KG,/shop/productdetails/620121/d-orsogna-jarrah-honey-ham-off-the-bone-freshly-sliced-from-the-deli
236124,John West Protein+ Omega-3 Tuna Tomato Salsa With Crackers 94g,$3.50,$37.23 / 1KG,/shop/productdetails/236124/john-west-protein-omega-3-tuna-tomato-salsa-with-crackers
581178,Woolworths Multigrain Soft Sandwich Bread 650g,$2.70,$0.42 / 100G,/shop/productdetails/581178/woolworths-multigrain-soft-sandwich-bread
588064,Woolworths Fresh Food Kids Mini Apples 5 Pack,$3.50,$0.70 / 1EA,/shop/productdetails/588064/woolworths-fresh-food-kids-mini-apples
157597,John West Calcium Rich Tuna Chilli 90g,$2.00,$22.22 / 1KG,/shop/productdetails/157597/john-west-calcium-rich-tuna-chilli
253303,Woolworths Bread Rolls Soft Wholemeal Jumbo 6 Pack,$3.00,$0.50 / 1EA,/shop/productdetails/253303/woolworths-bread-rolls-soft-wholemeal-jumbo
306343,Jazz Apple Each,$1.21,$1.21 / 1EA,/shop/productdetails/306343/jazz-apple
145843,Snow Peas 1kg,$18.00,$18.00 / 1KG,/shop/productdetails/145843/snow-peas
165306,Tip Top The One Gluten Free White Sandwich Slice Bread Loaf 550g,$7.00,$1.27 / 100G,/shop/productdetails/165306/tip-top-the-one-gluten-free-white-sandwich-slice-bread-loaf
756114,Liddells Lactose Free Yoghurt Plain 140g X 4 Pack,$6.20,$1.11 / 100G,/shop/productdetails/756114/liddells-lactose-free-yoghurt-plain
639494,Oreo Milk Chocolate Wafer Sticks Biscuits Large Multipack 345g,$6.00,$1.74 / 100G,/shop/productdetails/639494/oreo-milk-chocolate-wafer-sticks-biscuits-large-multipack
201407,Sanitarium Up&go Liquid Breakfast Vanilla Ice 6 Pack,$10.50,$7.00 / 1L,/shop/productdetails/201407/sanitarium-up-go-liquid-breakfast-vanilla-ice
65887,Primo Stackers Leg Ham Cheese Cheese And Crackers 50g,$4.25,$85.00 / 1KG,/shop/productdetails/65887/primo-stackers-leg-ham-cheese-cheese-and-crackers
162725,D'orsogna Triple Smoked Leg Ham 97% Fat Free Sliced From The Deli Per Kg,$25.00,$25.00 / 1KG,/shop/productdetails/162725/d-orsogna-triple-smoked-leg-ham-97-fat-free-sliced-from-the-deli
330993,Peckish Thins Rice Crackers Cheddar Cheese 100g,$2.50,$2.50 / 100G,/shop/productdetails/330993/peckish-thins-rice-crackers-cheddar-cheese
234660,John West Protein+ Calcium Tuna Sea Salt Lemon & Parsley With Crackers 94g,$3.50,$37.23 / 1KG,/shop/productdetails/234660/john-west-protein-calcium-tuna-sea-salt-lemon-parsley-with-crackers
558548,Hillview Cheese Slices Full Fat 500g,$5.00,$10.00 / 1KG,/shop/productdetails/558548/hillview-cheese-slices-full-fat
749803,V8 Apple Berry Juice Multipack 3 X 250ml,$4.30,$5.73 / 1L,/shop/productdetails/749803/v8-apple-berry-juice-multipack
883004,Woolworths Mini Choc Chip Muffin 8 Pack,$4.70,$1.47 / 100G,/shop/productdetails/883004/woolworths-mini-choc-chip-muffin
248257,Uncle Tobys Muesli Bars Yoghurt & Honeycomb 185g,$3.50,$1.89 / 100G,/shop/productdetails/248257/uncle-tobys-muesli-bars-yoghurt-honeycomb
513478,Tasti Made Simple Forest Fruits 150g,$4.00,$2.67 / 100G,/shop/productdetails/513478/tasti-made-simple-forest-fruits
800763,The Odd Bunch Apples Prepacked Punnet 1kg,$2.80,$2.80 / 1KG,/shop/productdetails/800763/the-odd-bunch-apples-prepacked-punnet
202563,Woolworths Bread Rolls Crusty Jumbo Lunch 6 Pack,$3.00,$0.50 / 1EA,/shop/productdetails/202563/woolworths-bread-rolls-crusty-jumbo-lunch
750543,Woolworths Soya Crisps Snacks 400g Pack,$6.30,$15.75 / 1KG,/shop/productdetails/750543/woolworths-soya-crisps-snacks
337151,Woolworths Bread Roll Cheese & Bacon 4 Pack,$4.50,$1.13 / 1EA,/shop/productdetails/337151/woolworths-bread-roll-cheese-bacon
310965,Woolworths Packham Pear 1kg Punnet,$3.00,$3.00 / 1KG,/shop/productdetails/310965/woolworths-packham-pear
279665,Woolworths Bread Loaf Crusty Tiger Tummy Vienna 450g,$3.00,$3.00 / 1EA,/shop/productdetails/279665/woolworths-bread-loaf-crusty-tiger-tummy-vienna
97275,Primo Stackers Salami Rice Cheese & Crackers 45g,$4.25,$94.44 / 1KG,/shop/productdetails/97275/primo-stackers-salami-rice-cheese-crackers
720677,Woolworths Mini Bread Rolls Soft Hamburger 12 Pack,$4.50,$0.38 / 1EA,/shop/productdetails/720677/woolworths-mini-bread-rolls-soft-hamburger
634101,Woolworths Muesli Bars Yoghurt & Strawberry 248g 8 Pack,$2.50,$1.01 / 100G,/shop/productdetails/634101/woolworths-muesli-bars-yoghurt-strawberry
724087,Kellogg's K-time Baked Twists Strawberry & Blueberry Flavour Snack Bars 5 Pack,$5.50,$2.97 / 100G,/shop/productdetails/724087/kelloggs-k-time-baked-twists-strawberry-blueberry-flavour-snack-bars
717254,Sanitarium Up&go Protein Energize Choc 250ml X6 Pack,$10.50,$7.00 / 1L,/shop/productdetails/717254/sanitarium-up-go-protein-energize-choc
588302,Woolworths Fresh Food Kids Mini Pears 5 Pack,$3.50,$0.70 / 1EA,/shop/productdetails/588302/woolworths-fresh-food-kids-mini-pears
820588,Woolworths Free From Gluten White Wraps 4 Pack,$5.50,$2.75 / 100G,/shop/productdetails/820588/woolworths-free-from-gluten-white-wraps
147312,Nutella Hazelnut Chocolate Spread 400g,$5.70,$1.43 / 100G,/shop/productdetails/147312/nutella-hazelnut-chocolate-spread-spread
169353,Arnott's Gluten Free Tiny Teddy Choc Chip Biscuits 120g,$4.70,$3.92 / 100G,/shop/productdetails/169353/arnott-s-gluten-free-tiny-teddy-choc-chip-biscuits
547996,Pauls Banana Custard Banana 70g,$1.90,$2.71 / 100G,/shop/productdetails/547996/pauls-banana-custard-banana
345304,Cheetos Cheese & Bacon Balls Multipack Snacks 6 Pack,$4.50,$4.41 / 100G,/shop/productdetails/345304/cheetos-cheese-bacon-balls-multipack-snacks
55656,Woolworths Bread White Extra Soft Loaf 680g,$2.50,$0.37 / 100G,/shop/productdetails/55656/woolworths-bread-white-extra-soft-loaf
733705,Sanitarium Up&go Liquid Breakfast Vanilla Ice 12 Pack,$15.80,$5.27 / 1L,/shop/productdetails/733705/sanitarium-up-go-liquid-breakfast-vanilla-ice
883002,Woolworths Mini Blueberry Muffins 8 Pack,$4.70,$1.47 / 100G,/shop/productdetails/883002/woolworths-mini-blueberry-muffins
96938,Primo Stackers Chicken Cheese & Crackers 45g,$4.25,$94.44 / 1KG,/shop/productdetails/96938/primo-stackers-chicken-cheese-crackers
235056,Sunbites Sour Cream & Chives Wholegrain Chips 5 Pack,$4.50,$4.09 / 100G,/shop/productdetails/235056/sunbites-sour-cream-chives-wholegrain-chips
797102,Nestle Milo Dipped Snack Bars With White Chocolate 10 Pack,$8.00,$2.96 / 100G,/shop/productdetails/797102/nestle-milo-dipped-snack-bars-with-white-chocolate
722766,Kellogg's K-time Baked Twists Strawberry & Yoghurt Flavour Snack Bars 5 Pack,$5.50,$2.97 / 100G,/shop/productdetails/722766/kelloggs-k-time-baked-twists-strawberry-yoghurt-flavour-snack-bars
937258,D'orsogna Premium Ham Off The Bone Shaved From The Deli Per Kg,$34.00,$34.00 / 1KG,/shop/productdetails/937258/d-orsogna-premium-ham-off-the-bone-shaved-from-the-deli
222456,Arnott's Vita Weat Pumpkin Seed & Mixed Grain Crispbreads 250g,$4.00,$1.60 / 100G,/shop/productdetails/222456/arnott-s-vita-weat-pumpkin-seed-mixed-grain-crispbreads
113024,Noshu 97% Sugar Free Double Choc Snackles Bars 110g,$6.50,$5.91 / 100G,/shop/productdetails/113024/noshu-97-sugar-free-double-choc-snackles-bars
174205,Edens Bars Sesame 45g,$0.90,$2.00 / 100G,/shop/productdetails/174205/edens-bars-sesame
791364,Kraft Singles Original 432g,$7.50,$17.36 / 1KG,/shop/productdetails/791364/kraft-singles-original-original
65617,Edgell Snack Time Chickpea Olive Oil Garlic & Rosemary 70g,$1.60,$2.29 / 100G,/shop/productdetails/65617/edgell-snack-time-chickpea-olive-oil-garlic-rosemary
171283,Smith's Multipack Variety Original Salted Mix 18 Pack,$8.90,$2.57 / 100G,/shop/productdetails/171283/smith-s-multipack-variety-original-salted-mix
744521,Woolworths Peaches In Juice Cups 4 Pack,$2.20,$4.40 / 1KG,/shop/productdetails/744521/woolworths-peaches-in-juice-cups
252072,Hercules Click Zip Large Resealable Twinzip Sandwich Bags 25 Pack,$2.85,$0.11 / 1EA,/shop/productdetails/252072/hercules-click-zip-large-resealable-twinzip-sandwich-bags
164411,Cadbury Freddo & Friends Chocolate Dipped Biscuits Mini Bags 7 Pack,$3.00,$2.16 / 100G,/shop/productdetails/164411/cadbury-freddo-friends-chocolate-dipped-biscuits-mini-bags
189655,Sanitarium Up&go Liquid Breakfast Strawberry 6 Pack,$10.50,$7.00 / 1L,/shop/productdetails/189655/sanitarium-up-go-liquid-breakfast-strawberry
125367,Hercules Click Zip Resealable Sandwich Bags 40 Pack,$2.35,$0.06 / 1EA,/shop/productdetails/125367/hercules-click-zip-resealable-sandwich-bags
883116,Woolworths Mini Double Choc Muffins 8 Pack,$4.70,$1.47 / 100G,/shop/productdetails/883116/woolworths-mini-double-choc-muffins
899765,Nuttelex Buttery Table Spread 500g,$5.20,$1.04 / 100G,/shop/productdetails/899765/nuttelex-buttery-table-spread
253306,Woolworths Bread Rolls Grain Jumbo 6 Pack,$3.00,$0.50 / 1EA,/shop/productdetails/253306/woolworths-bread-rolls-grain-jumbo
40471,Bega Tasty Cheese 500g,$8.50,$17.00 / 1KG,/shop/productdetails/40471/bega-tasty-cheese
180279,Cobs Natural Popcorn Best Ever Butter 5 Pack,$4.00,$6.15 / 100G,/shop/productdetails/180279/cobs-natural-popcorn-best-ever-butter
248207,Uncle Tobys Le Snak Tasty Cheese Dip & Crackers 6 Pack,$5.00,$3.79 / 100G,/shop/productdetails/248207/uncle-tobys-le-snak-tasty-cheese-dip-crackers
581280,Woolworths White Soft Hi-fibre Bread 700g,$3.50,$0.50 / 100G,/shop/productdetails/581280/woolworths-white-soft-hi-fibre-bread
248248,Uncle Tobys Muesli Bars Yoghurt & Mango & Passionfruit 6 Pack,$3.50,$1.89 / 100G,/shop/productdetails/248248/uncle-tobys-muesli-bars-yoghurt-mango-passionfruit
750803,V8 Tropical Juice Juice 300ml,$2.40,$8.00 / 1L,/shop/productdetails/750803/v8-tropical-juice-juice
104409,Primo Duos Mild Twiggy Bites & Cheese Snack 50g,$4.25,$85.00 / 1KG,/shop/productdetails/104409/primo-duos-mild-twiggy-bites-cheese-snack
157450,John West Calcium Rich Tuna Lemon & Cracked Pepper 90g,$2.00,$22.22 / 1KG,/shop/productdetails/157450/john-west-calcium-rich-tuna-lemon-cracked-pepper
153220,Edgell Snack Time Chargrilled Corn Black Beans W Lime & Herbs 70g 70g,$1.60,$2.29 / 100G,/shop/productdetails/153220/edgell-snack-time-chargrilled-corn-black-beans-w-lime-herbs-70g
765973,Sanitarium Up&go Liquid Breakfast Strawberry 12 Pack,$15.80,$5.27 / 1L,/shop/productdetails/765973/sanitarium-up-go-liquid-breakfast-strawberry
97237,Woolworths All Butter Croissant 3 Pack,$2.85,$0.95 / 1EA,/shop/productdetails/97237/woolworths-all-butter-croissant
591940,Woolworths Sweet & Juicy Mandarins 750g Prepack,$3.50,$4.67 / 1KG,/shop/productdetails/591940/woolworths-sweet-juicy-mandarins
254031,Arnott's Clix Crackers 250g,$2.80,$1.12 / 100G,/shop/productdetails/254031/arnott-s-clix-crackers-crackers
113797,Real Foods Corn Thins Sesame 150g,$2.00,$1.33 / 100G,/shop/productdetails/113797/real-foods-corn-thins-sesame
236188,John West Protein+ Vitamin B12 Tuna Capsicum & Basil With Crackers 94g,$3.50,$37.23 / 1KG,/shop/productdetails/236188/john-west-protein-vitamin-b12-tuna-capsicum-basil-with-crackers
262206,Capilano 100% Pure Australian Honey Squeeze 500g,$6.80,$1.36 / 100G,/shop/productdetails/262206/capilano-100-pure-australian-honey-squeeze
233922,Woolworths Smooth Peanut Butter 500g,$2.90,$0.58 / 100G,/shop/productdetails/233922/woolworths-smooth-peanut-butter
891325,Woolworths Tasty Cheese Block 1kg,$14.00,$14.00 / 1KG,/shop/productdetails/891325/woolworths-tasty-cheese-block
32306,Sanitarium Up&go Liquid Breakfast Choc Ice 3 Pack,$5.60,$7.47 / 1L,/shop/productdetails/32306/sanitarium-up-go-liquid-breakfast-choc-ice
634100,Woolworths Muesli Bar Choc Chip 8 Pack,$2.50,$1.01 / 100G,/shop/productdetails/634100/woolworths-muesli-bar-choc-chip
248199,Uncle Tobys Le Snak Cheddar Cheese Dip & Crackers 12 Pack,$9.00,$3.41 / 100G,/shop/productdetails/248199/uncle-tobys-le-snak-cheddar-cheese-dip-crackers
35496,Woolworths Bread Wholemeal Loaf 680g,$2.50,$0.37 / 100G,/shop/productdetails/35496/woolworths-bread-wholemeal-loaf
721581,Mother Earth Chocolate Chip Oaty Slice 6 Pack 240g,$3.50,$1.46 / 100G,/shop/productdetails/721581/mother-earth-chocolate-chip-oaty-slice
243048,Yoplait Chocolate Banana Pouch Yoghurt 130g,$1.80,$1.38 / 100G,/shop/productdetails/243048/yoplait-chocolate-banana-pouch-yoghurt
720678,Woolworths Mini Bread Rolls Soft Lunch 12 Pack,$4.50,$0.38 / 1EA,/shop/productdetails/720678/woolworths-mini-bread-rolls-soft-lunch
229981,Hercules Click Zip Resealable Snack Size Sandwich Bags 65 Pack,$3.25,$0.05 / 1EA,/shop/productdetails/229981/hercules-click-zip-resealable-snack-size-sandwich-bags
591732,Spc Diced Peaches In Juice Fruit Cups 4 X 120g,$4.50,$9.38 / 1KG,/shop/productdetails/591732/spc-diced-peaches-in-juice-fruit-cups
666702,D'orsogna Jarrah Honey Ham Off The Bone Freshly Shaved From The Deli Per Kg,$27.50,$27.50 / 1KG,/shop/productdetails/666702/d-orsogna-jarrah-honey-ham-off-the-bone-freshly-shaved-from-the-deli
167376,John West Protein Plus Magnesium Tuna With Lime & Chilli 170g,$4.00,$23.53 / 1KG,/shop/productdetails/167376/john-west-protein-plus-magnesium-tuna-with-lime-chilli
224944,Woolworths Extra Tasty Cheese Slices 500g,$8.60,$17.20 / 1KG,/shop/productdetails/224944/woolworths-extra-tasty-cheese-slices
35103,Fantastic Rice Crackers Bbq 100g,$2.30,$2.30 / 100G,/shop/productdetails/35103/fantastic-rice-crackers-bbq
544760,Primo Ham Double Smoked 100g,$3.70,$37.00 / 1KG,/shop/productdetails/544760/primo-ham-double-smoked
109919,Pauls Custard Pouch Strawberry 140g,$1.90,$1.36 / 100G,/shop/productdetails/109919/pauls-custard-pouch-strawberry
711918,Sistema Plasticware Sandwich Box To Go Assorted Each,$3.00,,/shop/productdetails/711918/sistema-plasticware-sandwich-box-to-go-assorted
369908,Sanitarium Up&go Liquid Breakfast Banana 6 Pack,$10.50,$7.00 / 1L,/shop/productdetails/369908/sanitarium-up-go-liquid-breakfast-banana
193896,Bega Stringers Lactose Free Cheese 8 Pack,$6.50,$40.63 / 1KG,/shop/productdetails/193896/bega-stringers-lactose-free-cheese
105598,Essentials Aluminium Foil 30m,$4.60,$0.15 / 1M,/shop/productdetails/105598/essentials-aluminium-foil
765982,Sanitarium Up&go Liquid Breakfast Banana 12 Pack,$15.80,$5.27 / 1L,/shop/productdetails/765982/sanitarium-up-go-liquid-breakfast-banana
785587,Tasti Protein Bar Salted Caramel 200g,$4.00,$2.00 / 100G,/shop/productdetails/785587/tasti-protein-bar-salted-caramel
503111,Woolworths Fruit Drink 35% Tropical 6x250ml,$3.00,$2.00 / 1L,/shop/productdetails/503111/woolworths-fruit-drink-35-tropical
38214,Woolworths Fresh Donuts Cinnamon 12 Pack,$3.50,$0.29 / 1EA,/shop/productdetails/38214/woolworths-fresh-donuts-cinnamon
38921,Bega Peanut Butter Crunchy 780g,$7.50,$0.96 / 100G,/shop/productdetails/38921/bega-peanut-butter-crunchy
111446,Noshu 96% Sugar Free Marshy Mellow Snackles Bars 110g,$6.50,$5.91 / 100G,/shop/productdetails/111446/noshu-96-sugar-free-marshy-mellow-snackles-bars
43802,Golden Circle Fruit Drinks Lunch Box Poppers Tropical Punch Multipack 250ml X6 Pack,$5.10,$3.40 / 1L,/shop/productdetails/43802/golden-circle-fruit-drinks-lunch-box-poppers-tropical-punch-multipack
754521,Aeroplane Ready To Eat Jelly Cup Snack Raspberry Flavour 120g,$1.40,$1.17 / 100G,/shop/productdetails/754521/aeroplane-ready-to-eat-jelly-cup-snack-raspberry-flavour
254169,Uncle Tobys Muesli Bars Chewy White Choc Chip 6 Pack,$3.50,$1.89 / 100G,/shop/productdetails/254169/uncle-tobys-muesli-bars-chewy-white-choc-chip
233162,Woolworths Bread Wholemeal Soft Loaf 800g,$3.50,$0.44 / 100G,/shop/productdetails/233162/woolworths-bread-wholemeal-soft-loaf
769525,Bega Strong & Bitey Vintage Cheese Slices 500g,$9.50,$19.00 / 1KG,/shop/productdetails/769525/bega-strong-bitey-vintage-cheese-slices
558547,Hillview Cheese Slices Reduced Fat 500g,$5.00,$10.00 / 1KG,/shop/productdetails/558547/hillview-cheese-slices-reduced-fat
607875,Woolworths Mini Banana Muffin 8 Pack,$4.70,$1.47 / 100G,/shop/productdetails/607875/woolworths-mini-banana-muffin
293821,Kettle Multipack Sea Salt 5 Pack,$4.15,$4.51 / 100G,/shop/productdetails/293821/kettle-multipack-sea-salt
36269,Arnott's Cheds Cheese Crackers Cheese Crackers 250g,$4.00,$1.60 / 100G,/shop/productdetails/36269/arnott-s-cheds-cheese-crackers-cheese-crackers
641242,Table Of Plenty Mini Rice Cakes Dark Chocolate 6 Pack,$6.00,$7.14 / 100G,/shop/productdetails/641242/table-of-plenty-mini-rice-cakes-dark-chocolate
204817,Activia Danone Probiotic Yoghurt No Added Sugar Blueberry 125g X 4 Pack,$5.75,$1.15 / 100G,/shop/productdetails/204817/activia-danone-probiotic-yoghurt-no-added-sugar-blueberry
39362,Bega Peanut Butter Smooth 780g,$7.50,$0.96 / 100G,/shop/productdetails/39362/bega-peanut-butter-smooth
544762,Primo Chicken Breast Thinly Sliced 80g,$3.70,$46.25 / 1KG,/shop/productdetails/544762/primo-chicken-breast-thinly-sliced
421465,Woolworths Dreamy Chocolate Chip Cookies 5 Pack,$3.00,$0.60 / 1EA,/shop/productdetails/421465/woolworths-dreamy-chocolate-chip-cookies
197462,Arnott's Cruskits 98% Fat Free Crispbreads 125g,$3.50,$2.80 / 100G,/shop/productdetails/197462/arnott-s-cruskits-98-fat-free-crispbreads
74002,Sun Valley True Fruit Bars 100% Tropical Fruit Nas 6 Pack,$4.00,$3.33 / 100G,/shop/productdetails/74002/sun-valley-true-fruit-bars-100-tropical-fruit-nas
684682,Toscano French Croissants 240g X6 Pack,N/A,N/A,/shop/productdetails/684682/toscano-french-croissants
935656,D'orsogna Premium Ham Off The Bone Sliced From The Deli Per Kg,$34.00,$34.00 / 1KG,/shop/productdetails/935656/d-orsogna-premium-ham-off-the-bone-sliced-from-the-deli
780071,Obela Hommus To Go Classic & Sakata Crackers 125g,$3.50,$2.80 / 100G,/shop/productdetails/780071/obela-hommus-to-go-classic-sakata-crackers
724085,Kellogg's K-time Baked Twists Raspberry & Apple Flavour Snack Bars 5 Pack,$5.50,$2.97 / 100G,/shop/productdetails/724085/kelloggs-k-time-baked-twists-raspberry-apple-flavour-snack-bars
779237,Woolworths Free From Gluten Chocolate Chip Biscuit 160g,$2.70,$1.69 / 100G,/shop/productdetails/779237/woolworths-free-from-gluten-chocolate-chip-biscuit
82835,Golden Days Fruit Snacks Bites Apricot 5x40g,$5.00,$2.50 / 100G,/shop/productdetails/82835/golden-days-fruit-snacks-bites-apricot
65618,Edgell Snack Time Chickpeas Salad Topper With Zesty Vinaigrette 70g,$1.60,$2.29 / 100G,/shop/productdetails/65618/edgell-snack-time-chickpeas-salad-topper-with-zesty-vinaigrette
819751,Armada Baking Paper 50m,$8.00,$0.16 / 1M,/shop/productdetails/819751/armada-baking-paper
544696,Primo English Ham 100g,$3.70,$37.00 / 1KG,/shop/productdetails/544696/primo-english-ham
248250,Uncle Tobys Muesli Bars Chewy Apricot 6 Pack,$3.50,$1.89 / 100G,/shop/productdetails/248250/uncle-tobys-muesli-bars-chewy-apricot
222915,Arnott's Vita Weat Soy & Linseed Crispbreads 250g,$4.00,$1.60 / 100G,/shop/productdetails/222915/arnott-s-vita-weat-soy-linseed-crispbreads
23088,Sanitarium Up&go Liquid Breakfast Strawberry 3 Pack,$5.60,$7.47 / 1L,/shop/productdetails/23088/sanitarium-up-go-liquid-breakfast-strawberry
241243,Golden Days Fruit Apricot Coconut Slice 150g,$2.40,$1.60 / 100G,/shop/productdetails/241243/golden-days-fruit-apricot-coconut-slice
310725,Butterfingers Gluten Free Shortbread Biscuits Pure Butter 175g,$4.55,$2.60 / 100G,/shop/productdetails/310725/butterfingers-gluten-free-shortbread-biscuits-pure-butter
252787,Armada Baking Paper 15m,$3.00,$0.20 / 1M,/shop/productdetails/252787/armada-baking-paper
748141,Sistema Plasticware Dressing Pot To Go Each,$3.00,,/shop/productdetails/748141/sistema-plasticware-dressing-pot-to-go
242938,Farmers Union Plus Mango Yoghurt 160g,$1.90,$1.19 / 100G,/shop/productdetails/242938/farmers-union-plus-mango-yoghurt
243154,Farmers Union Plus Vanilla & Honey Yogurt 160g,$1.90,$1.19 / 100G,/shop/productdetails/243154/farmers-union-plus-vanilla-honey-yogurt
378034,Cheezels Multipack 6pk 114g,$4.15,$3.64 / 100G,/shop/productdetails/378034/cheezels-multipack-6pk
774595,Woolworths Free From Gluten Mint Creme Biscuit 145g,$3.50,$2.41 / 100G,/shop/productdetails/774595/woolworths-free-from-gluten-mint-creme-biscuit
119059,True Fruit Strapple Apple & Strawberry Fruit Strips 120g,$4.00,$3.33 / 100G,/shop/productdetails/119059/sun-valley-true-fruit-strapple-apple-strawberry-fruit-strips
120581,Woolworths Tasty Cheese & Crackers 120g,$4.40,$36.67 / 1KG,/shop/productdetails/120581/woolworths-tasty-cheese-crackers
69369,Bega Tasty Natural Cheese Slices 15 Pack 250g,$7.00,$28.00 / 1KG,/shop/productdetails/69369/bega-tasty-natural-cheese-slices
786364,Belvita Chocolate Breakfast Biscuits 300g,$3.50,$1.17 / 100G,/shop/productdetails/786364/belvita-chocolate-breakfast-biscuits
706057,Hercules Twin Zip Resealable Storage Bags Large 40 Pack,$7.50,$0.19 / 1EA,/shop/productdetails/706057/hercules-twin-zip-resealable-storage-bags-large
750533,Woolworths Soya Crisps Chilli & Lime Snacks 400g Pack,$6.00,$15.00 / 1KG,/shop/productdetails/750533/woolworths-soya-crisps-chilli-lime-snacks
810779,Woolworths Cherry Bocconcini 220g,$4.80,$21.82 / 1KG,/shop/productdetails/810779/woolworths-cherry-bocconcini
187099,Nutella Hazelnut Chocolate Spread 220g,$4.10,$1.86 / 100G,/shop/productdetails/187099/nutella-hazelnut-chocolate-spread-spread
80045,Pringles Minis Chicken Flavour Potato Chips Multipack 95g,$4.00,$4.21 / 100G,/shop/productdetails/80045/pringles-minis-chicken-flavour-potato-chips-multipack
233160,Woolworths Bread White Extra Soft Loaf 800g,$3.50,$0.44 / 100G,/shop/productdetails/233160/woolworths-bread-white-extra-soft-loaf
293610,French Fries Multipack Original 6 Pack,$4.15,$3.74 / 100G,/shop/productdetails/293610/french-fries-multipack-original
248205,Uncle Tobys Le Snak Cheddar Cheese Dip & Crackers 6 Pack,$5.00,$3.79 / 100G,/shop/productdetails/248205/uncle-tobys-le-snak-cheddar-cheese-dip-crackers
224942,Woolworths Tasty Light Cheese Slices 500g,$8.60,$17.20 / 1KG,/shop/productdetails/224942/woolworths-tasty-light-cheese-slices
353338,Sanitarium Up&go Protein Energize Choc 250ml X3 Pack,$5.60,$7.47 / 1L,/shop/productdetails/353338/sanitarium-up-go-protein-energize-choc
757792,Woolworths Tropical Juice 6x250ml,$3.50,$2.33 / 1L,/shop/productdetails/757792/woolworths-tropical-juice
791361,Kraft Singles Original 216g,$5.25,$24.31 / 1KG,/shop/productdetails/791361/kraft-singles-original-original
453300,Woolworths Natural Tasty Cheese & Crackers Each 50g,$1.90,$38.00 / 1KG,/shop/productdetails/453300/woolworths-natural-tasty-cheese-crackers
65619,Edgell Snack Time Chickpeas With Olive Oil & Sea Salt 70g,$1.60,$2.29 / 100G,/shop/productdetails/65619/edgell-snack-time-chickpeas-with-olive-oil-sea-salt
621149,Obela Tzatziki To Go Classic & Sakata Crackers 125g,$3.50,$2.80 / 100G,/shop/productdetails/621149/obela-tzatziki-to-go-classic-sakata-crackers
63927,Primo Stackers Spicy Chrizo Cheese And Crackers 50g,$4.25,$85.00 / 1KG,/shop/productdetails/63927/primo-stackers-spicy-chrizo-cheese-and-crackers
858574,D'orsogna Roast Chicken 320g,$5.80,$18.13 / 1KG,/shop/productdetails/858574/d-orsogna-roast-chicken
189701,Sanitarium Up&go Liquid Breakfast Vanilla Ice 3 Pack,$5.60,$7.47 / 1L,/shop/productdetails/189701/sanitarium-up-go-liquid-breakfast-vanilla-ice
750104,Sanitarium Up&go Protein Energize Coffee 250ml X6 Pack,$10.50,$7.00 / 1L,/shop/productdetails/750104/sanitarium-up-go-protein-energize-coffee
113616,Honeydew Large Half Each,$1.45,$1.45 / 1EA,/shop/productdetails/113616/honeydew-large
41285,Nuttelex Polyunsaturated Margarine Spread 500g,$5.20,$1.04 / 100G,/shop/productdetails/41285/nuttelex-polyunsaturated-margarine-spread
165838,Cheer Cheese Slices Tasty 750g,$14.00,$18.67 / 1KG,/shop/productdetails/165838/cheer-cheese-slices-tasty
94950,Golden Circle Fruit Drinks Lunch Box Poppers Multipack Apple Splash 250ml X6 Pack,$5.10,$3.40 / 1L,/shop/productdetails/94950/golden-circle-fruit-drinks-lunch-box-poppers-multipack-apple-splash
795889,Nutella Hazelnut Chocolate Spread 1kg,$11.00,$1.10 / 100G,/shop/productdetails/795889/nutella-hazelnut-chocolate-spread-spread
786152,Kiwi Fruit Green 8 Pack,N/A,N/A,/shop/productdetails/786152/kiwi-fruit-green
436519,Pauls Custard Pouch Chocolate 140g,$1.90,$1.36 / 100G,/shop/productdetails/436519/pauls-custard-pouch-chocolate-chocolate
233925,Woolworths Crunchy Peanut Butter 500g,$2.90,$0.58 / 100G,/shop/productdetails/233925/woolworths-crunchy-peanut-butter
220157,Edgell Snack Time Black Beans Charred & Capsicum With Zesty Salsa 70g,$1.60,$2.29 / 100G,/shop/productdetails/220157/edgell-snack-time-black-beans-charred-capsicum-with-zesty-salsa
750079,Sanitarium Up&go Protein Energize Vanilla 250ml X6 Pack,$10.50,$7.00 / 1L,/shop/productdetails/750079/sanitarium-up-go-protein-energize-vanilla
79223,Philadelphia Original Cream Cheese Spread Tub 250g,$5.70,$22.80 / 1KG,/shop/productdetails/79223/philadelphia-original-cream-cheese-spread-tub
434124,Woolworths Chips Variety Pack 20 Pack 380g,$5.75,$1.51 / 100G,/shop/productdetails/434124/woolworths-chips-variety-pack
310238,Woolworths Extra Tasty Cheese Block 500g,$7.70,$15.40 / 1KG,/shop/productdetails/310238/woolworths-extra-tasty-cheese-block
13542,Essentials Cling Wrap 60m,$1.70,$0.03 / 1M,/shop/productdetails/13542/essentials-cling-wrap
224943,Woolworths Colby Cheese Slices 500g,$8.60,$17.20 / 1KG,/shop/productdetails/224943/woolworths-colby-cheese-slices
544763,Primo Pastrami 80g,$3.70,$46.25 / 1KG,/shop/productdetails/544763/primo-pastrami
591731,Spc Diced Fruit Salad In Juice Fruit Cups 4 X 120g,$4.50,$9.38 / 1KG,/shop/productdetails/591731/spc-diced-fruit-salad-in-juice-fruit-cups
360161,Sistema Plasticware Breakfast To Go 530ml Each,$3.00,,/shop/productdetails/360161/sistema-plasticware-breakfast-to-go-530ml
79,Bellis Bar Apricot 45g,$1.00,$2.22 / 100G,/shop/productdetails/79/bellis-bar-apricot
141691,Kinder Happy Hippo Cocoa Biscuit Multipack 5 Pack,$5.00,$4.83 / 100G,/shop/productdetails/141691/kinder-happy-hippo-cocoa-biscuit-multipack
334842,Mother Earth Golden Baked Oaty Slice Raspberry Chocolate 6 Pack 240g,$3.50,$1.46 / 100G,/shop/productdetails/334842/mother-earth-golden-baked-oaty-slice-raspberry-chocolate
379902,Woolworths Cheese Cubes 500g,$10.50,$21.00 / 1KG,/shop/productdetails/379902/woolworths-cheese-cubes
32295,Sanitarium Up&go Liquid Breakfast Banana 3 Pack,$5.60,$7.47 / 1L,/shop/productdetails/32295/sanitarium-up-go-liquid-breakfast-banana
220114,Uncle Tobys Nestle Milo Chewy Muesli Bars 6 Pack,$3.50,$1.89 / 100G,/shop/productdetails/220114/uncle-tobys-nestle-milo-chewy-muesli-bars
147825,Hercules Click Zip Resealable Sandwich Bags 75 Pack,$4.25,$0.06 / 1EA,/shop/productdetails/147825/hercules-click-zip-resealable-sandwich-bags
505425,Kellogg's Lcms Split Stix Snack Bars Variety 15 Pack,$7.00,$2.03 / 100G,/shop/productdetails/505425/kelloggs-lcms-split-stix-snack-bars-variety
48443,Bega Strong & Bitey Vintage Cheese 500g,$8.50,$17.00 / 1KG,/shop/productdetails/48443/bega-strong-bitey-vintage-cheese
925093,Obela Smooth Classic Hommus To Go Singles 60g X3 Pack,$3.50,$1.94 / 100G,/shop/productdetails/925093/obela-smooth-classic-hommus-to-go-singles
36182,Golden Circle Fruit Drinks Lunch Box Poppers Multipack Sunshine Punch 250ml X6 Pack,$5.10,$3.40 / 1L,/shop/productdetails/36182/golden-circle-fruit-drinks-lunch-box-poppers-multipack-sunshine-punch
43801,Golden Circle Orange Fruit Drink Poppers Lunchbox Lunch Box Popper 250ml X6 Pack,$5.10,$3.40 / 1L,/shop/productdetails/43801/golden-circle-orange-fruit-drink-poppers-lunchbox-lunch-box-popper
65646,Edgell Snack Time Red Kidney Beans Salad Topper With Chilli 70g,$1.60,$2.29 / 100G,/shop/productdetails/65646/edgell-snack-time-red-kidney-beans-salad-topper-with-chilli
694762,Woolworths Swiss Light Cheese Slices 200g,$5.00,$25.00 / 1KG,/shop/productdetails/694762/woolworths-swiss-light-cheese-slices
7576,Golden Circle Fruit Drinks Lunch Box Poppers Multipack Golden Pash 250ml X6 Pack,$5.10,$3.40 / 1L,/shop/productdetails/7576/golden-circle-fruit-drinks-lunch-box-poppers-multipack-golden-pash
739739,Woolworths Strawberry Milk 6x200ml,$4.60,$3.83 / 1L,/shop/productdetails/739739/woolworths-strawberry-milk
687066,Sistema To Go Portion Pod Assorted 2 Pack,$4.00,,/shop/productdetails/687066/sistema-to-go-portion-pod-assorted
242387,Farmers Union Plus Passionfruit Yogurt 160g,$1.90,$1.19 / 100G,/shop/productdetails/242387/farmers-union-plus-passionfruit-yogurt
744518,Woolworths Fruit Salad In Juice Cups 4 Pack,$2.20,$4.40 / 1KG,/shop/productdetails/744518/woolworths-fruit-salad-in-juice-cups
729168,Woolworths Apple Juice 6x250ml,$3.50,$2.33 / 1L,/shop/productdetails/729168/woolworths-apple-juice
15791,Devondale Extra Soft Butter Blend 500g,$7.50,$1.50 / 100G,/shop/productdetails/15791/devondale-extra-soft-butter-blend
248801,Woolworths Crispbread & Cheese Cheddar Dip 12 Pack,N/A,N/A,/shop/productdetails/248801/woolworths-crispbread-cheese-cheddar-dip
750825,Tasti Protein Bar Nutty Choc 200g,$4.00,$2.00 / 100G,/shop/productdetails/750825/tasti-protein-bar-nutty-choc
245394,Woolworths Peach In Mango Flavoured Jelly 4 Pack,$2.20,$4.58 / 1KG,/shop/productdetails/245394/woolworths-peach-in-mango-flavoured-jelly
806060,The Happy Snack Company Roasted Chickpeas Lime And Cracked Pepper 6 Pack,$6.00,$4.00 / 100G,/shop/productdetails/806060/the-happy-snack-company-roasted-chickpeas-lime-and-cracked-pepper
786273,Carman's Gourmet Protein Bars Dark Choc & Cranberry 200g,$6.20,$3.10 / 100G,/shop/productdetails/786273/carman-s-gourmet-protein-bars-dark-choc-cranberry
309127,Glad Cling Wrap 90m,$5.60,$0.06 / 1M,/shop/productdetails/309127/glad-cling-wrap
120673,Woolworths Extra Tasty Cheese & Crackers 120g,$4.40,$36.67 / 1KG,/shop/productdetails/120673/woolworths-extra-tasty-cheese-crackers
147314,Nutella Hazelnut Chocolate Spread 750g,$9.75,$1.30 / 100G,/shop/productdetails/147314/nutella-hazelnut-chocolate-spread-spread
250627,Woolworths Cookies Choc Chip 24 Pack,$5.50,$0.23 / 1EA,/shop/productdetails/250627/woolworths-cookies-choc-chip
757630,Sistema Plasticware Snack To Go Each,$3.00,,/shop/productdetails/757630/sistema-plasticware-snack-to-go
361803,Glad Snap Lock Resealable Large Sandwich Bags 30 Pack,$3.50,$0.12 / 1EA,/shop/productdetails/361803/glad-snap-lock-resealable-large-sandwich-bags
270580,Abe's Bagel Bakery Natural Bagels 360g 4 Pack,$5.00,$1.25 / 1EA,/shop/productdetails/270580/abe-s-bagel-bakery-natural-bagels
797142,Kellogg's Nutri-grain Original Cereal Snack Bars 6 Pack,$5.00,$3.47 / 100G,/shop/productdetails/797142/kelloggs-nutri-grain-original-cereal-snack-bars
194494,Primo Ham Honey Shaved 100g,$3.70,$37.00 / 1KG,/shop/productdetails/194494/primo-ham-honey-shaved
555213,Golden Circle Fruit Drinks Lunch Box Poppers Multipack Golden Pash 250ml X24 Pack,$14.90,$2.48 / 1L,/shop/productdetails/555213/golden-circle-fruit-drinks-lunch-box-poppers-multipack-golden-pash
503038,Woolworths Fruit Drink 35% Apple 6x250ml,$3.00,$2.00 / 1L,/shop/productdetails/503038/woolworths-fruit-drink-35-apple
512321,Devondale Extra Soft Butter Blend 750g,$9.95,$1.33 / 100G,/shop/productdetails/512321/devondale-extra-soft-butter-blend
315776,Prima Tropical Fruit Drink 6x200ml,$3.60,$3.00 / 1L,/shop/productdetails/315776/prima-tropical-fruit-drink
453306,Woolworths Sandwich Cheese Slices 1kg,$12.50,$12.50 / 1KG,/shop/productdetails/453306/woolworths-sandwich-cheese-slices
319636,Butterfingers Gluten Free Shortbread Biscuits Macadamia 175g,$5.10,$2.91 / 100G,/shop/productdetails/319636/butterfingers-gluten-free-shortbread-biscuits-macadamia
663675,Golden Circle Apple Blackcurrant Poppers Fruit Drink Multipack Lunchbox 250ml X6 Pack,$5.10,$3.40 / 1L,/shop/productdetails/663675/golden-circle-apple-blackcurrant-poppers-fruit-drink-multipack-lunchbox
84266,Woolworths Apple Raspberry 35% Fruit Juice 250ml X6 Pack,$3.00,$2.00 / 1L,/shop/productdetails/84266/woolworths-apple-raspberry-35-fruit-juice
131,Golden Days Fruit Snacks Bites Apricot Delight 150g,$2.40,$1.60 / 100G,/shop/productdetails/131/golden-days-fruit-snacks-bites-apricot-delight
744831,Meadowlea Original Spread Original 1kg,$7.00,$0.70 / 100G,/shop/productdetails/744831/meadowlea-original-spread-original
739730,Woolworths Chocolate Milk 6x200ml,$4.60,$3.83 / 1L,/shop/productdetails/739730/woolworths-chocolate-milk
453303,Woolworths Natural Cheese Sticks 160g,$5.50,$34.38 / 1KG,/shop/productdetails/453303/woolworths-natural-cheese-sticks
48462,Devondale Dairy Soft Butter Blend 500g,$7.50,$1.50 / 100G,/shop/productdetails/48462/devondale-dairy-soft-butter-blend
222419,Alka Power Ph9-10 Alkaline Water 12 X600ml,$15.00,$2.08 / 1L,/shop/productdetails/222419/alka-power-ph9-10-alkaline-water
453301,Woolworths Cheese & Crackers Light Tasty 50g Each,$1.90,$38.00 / 1KG,/shop/productdetails/453301/woolworths-cheese-crackers-light-tasty
251478,Woolworths Hawaiian Jumbo Roll 2 Pack,$3.40,$1.70 / 1EA,/shop/productdetails/251478/woolworths-hawaiian-jumbo-roll
591706,Spc Tropics Mangoes In Juice Fruit Cups 4 X 120g,$4.50,$9.38 / 1KG,/shop/productdetails/591706/spc-tropics-mangoes-in-juice-fruit-cups
154953,Woolworths Loaf Crusty Cobb 450g,$3.00,$3.00 / 1EA,/shop/productdetails/154953/woolworths-loaf-crusty-cobb
39680,Armada Brown Paper Lunch Bags 100 Pack,$4.00,$0.04 / 1EA,/shop/productdetails/39680/armada-brown-paper-lunch-bags
157108,Woolworths Iced Finger Bun Extra Soft 4 Pack,$2.50,$0.63 / 1EA,/shop/productdetails/157108/woolworths-iced-finger-bun-extra-soft
505443,Table Of Plenty Milk Chocolate Snack Pack 84g,$6.00,$7.14 / 100G,/shop/productdetails/505443/table-of-plenty-milk-chocolate-snack-pack
781034,Mayver's Crunchy Peanut Butter 375g,$4.60,$1.23 / 100G,/shop/productdetails/781034/mayver-s-crunchy-peanut-butter
229607,Pop Tops Apple Fruit Drink 250ml X 6 Pack,$5.90,$3.93 / 1L,/shop/productdetails/229607/pop-tops-apple-fruit-drink
883001,Woolworths Blueberry Muffins 4 Pack,$4.70,$1.12 / 100G,/shop/productdetails/883001/woolworths-blueberry-muffins
196073,Chickadees Multipack 6 Pack,$4.15,$3.64 / 100G,/shop/productdetails/196073/chickadees-multipack
688191,Hercules Resealable Everyday Sandwich Bags 150 Pack,$6.60,$0.04 / 1EA,/shop/productdetails/688191/hercules-resealable-everyday-sandwich-bags
245396,Woolworths Two Fruits In Tropical Jelly 4 Pack,$2.20,$4.58 / 1KG,/shop/productdetails/245396/woolworths-two-fruits-in-tropical-jelly
46645,Golden Pikelets 8 Pack,$4.50,$0.56 / 1EA,/shop/productdetails/46645/golden-pikelets
245393,Woolworths Pear In Raspberry Flavoured Jelly 4x120g,$2.20,$4.58 / 1KG,/shop/productdetails/245393/woolworths-pear-in-raspberry-flavoured-jelly
333359,Woolworths Mini Croissant 8 Pack,$4.00,$0.50 / 1EA,/shop/productdetails/333359/woolworths-mini-croissant
315759,Prima Apple & Raspberry Fruit Drink 6x200ml,$3.60,$3.00 / 1L,/shop/productdetails/315759/prima-apple-raspberry-fruit-drink
305390,Armada Cling Wrap 60m,$3.50,$0.06 / 1M,/shop/productdetails/305390/armada-cling-wrap
700548,Berri Pop Tops Apple Juice 250ml,$1.30,$5.20 / 1L,/shop/productdetails/700548/berri-pop-tops-apple-juice
493529,Aunt Betty's Creamy Rice Dessert Natural Vanilla 240g,$2.50,$1.04 / 100G,/shop/productdetails/493529/aunt-betty-s-creamy-rice-dessert-natural-vanilla
927838,The Happy Snack Company Roasted Fava Beans Sea Salt And Balsamic Vinegar 6 Pack,$6.00,$4.00 / 100G,/shop/productdetails/927838/the-happy-snack-company-roasted-fava-beans-sea-salt-and-balsamic-vinegar
897121,Woolworths Black Sesame Brown Rice Cracker 100g,N/A,N/A,/shop/productdetails/897121/woolworths-black-sesame-brown-rice-cracker
224796,Mainland On The Go Special Reserve Cheese And Crackers 50g,$3.00,$60.00 / 1KG,/shop/productdetails/224796/mainland-on-the-go-special-reserve-cheese-and-crackers
312255,Kellogg's Lcms Yoghurty Split Stix Snack Bars 6 Pack,$5.00,$3.62 / 100G,/shop/productdetails/312255/kelloggs-lcms-yoghurty-split-stix-snack-bars
781712,Woolworths Portuguese Tarts 4 Pack,$6.50,$1.63 / 1EA,/shop/productdetails/781712/woolworths-portuguese-tarts
726368,Woolworths Dried Apple Slices 200g,N/A,N/A,/shop/productdetails/726368/woolworths-dried-apple-slices
591734,Spc Diced Pears In Juice Fruit Cups 4 X 120g,$4.50,$9.38 / 1KG,/shop/productdetails/591734/spc-diced-pears-in-juice-fruit-cups
729169,Woolworths Apple & Blackcurrant Juice 6x250ml,$3.50,$2.33 / 1L,/shop/productdetails/729169/woolworths-apple-blackcurrant-juice
145667,Woolworths Anzac Biscuit Family 24 Pack,$5.50,$0.23 / 1EA,/shop/productdetails/145667/woolworths-anzac-biscuit-family
310714,Mamee Rice Snacks Sticks Cheese Flavour 200g,$7.50,$3.75 / 100G,/shop/productdetails/310714/mamee-rice-snacks-sticks-cheese-flavour
700306,Mother Earth Golden Baked Oaty Slice Golden Oats 6 Pack 240g,$3.50,$1.46 / 100G,/shop/productdetails/700306/mother-earth-golden-baked-oaty-slice-golden-oats
320381,Woolworths Cup Cake Mini Iced 9 Pack,$5.50,$0.61 / 1EA,/shop/productdetails/320381/woolworths-cup-cake-mini-iced
883003,Woolworths Choc Chip Muffin 4 Pack,$4.70,$1.12 / 100G,/shop/productdetails/883003/woolworths-choc-chip-muffin
791784,Kraft Singles Light 25% Less Fat 432g,$7.50,$17.36 / 1KG,/shop/productdetails/791784/kraft-singles-light-25-less-fat
104400,Primo Duos Cabanossi & Cheese Snack 50g,$4.25,$85.00 / 1KG,/shop/productdetails/104400/primo-duos-cabanossi-cheese-snack
758125,D'orsogna Deli Fresh Ham Premium Leg 100g,$4.00,$40.00 / 1KG,/shop/productdetails/758125/d-orsogna-deli-fresh-ham-premium-leg
185739,Woolworths Cookies Jam Drop 14 Pack,$3.50,$0.25 / 1EA,/shop/productdetails/185739/woolworths-cookies-jam-drop
715921,Belvita Milk & Cereal Breakfast Biscuits 300g,$3.50,$1.17 / 100G,/shop/productdetails/715921/belvita-milk-cereal-breakfast-biscuits
824732,Woolworths Free From Gluten White Bread 550g,$6.25,$1.14 / 100G,/shop/productdetails/824732/woolworths-free-from-gluten-white-bread
420010,Sanitarium Up&go Liquid Breakfast Honeycomb 3 Pack,$5.60,$7.47 / 1L,/shop/productdetails/420010/sanitarium-up-go-liquid-breakfast-honeycomb
780072,Obela Hommus To Go Roasted Capsicum & Sakata Crackers 125g,$3.50,$2.80 / 100G,/shop/productdetails/780072/obela-hommus-to-go-roasted-capsicum-sakata-crackers
75035,Helga's Wholemeal Bread With Grains 850g,$4.90,$0.58 / 100G,/shop/productdetails/75035/helga-s-wholemeal-bread-with-grains
324208,Kellogg's Lcms Kaleidos Snack Bars 6 Pack,$5.00,$3.79 / 100G,/shop/productdetails/324208/kelloggs-lcms-kaleidos-snack-bars
67142,Mainland Otg Extra Tasty Artisan Cheese & Crackers 38g,$3.00,$78.95 / 1KG,/shop/productdetails/67142/mainland-otg-extra-tasty-artisan-cheese-crackers
651571,Woolworths Free From Gluten Scotch Finger Biscuits 160g,$3.20,$2.00 / 100G,/shop/productdetails/651571/woolworths-free-from-gluten-scotch-finger-biscuits
315747,Prima Apple Fruit Drink 6x200ml,$3.60,$3.00 / 1L,/shop/productdetails/315747/prima-apple-fruit-drink
336769,Kellogg's Lcms Choc Chip Cereal Snack Bars 15 Pack,$7.00,$2.12 / 100G,/shop/productdetails/336769/kelloggs-lcms-choc-chip-cereal-snack-bars
503110,Woolworths Fruit Drink 35% Orange Mango 6x250ml,$3.00,$2.00 / 1L,/shop/productdetails/503110/woolworths-fruit-drink-35-orange-mango
546698,Cool Ridge Australian Spring Water 750ml,$2.90,$3.87 / 1L,/shop/productdetails/546698/cool-ridge-australian-spring-water
592203,Golden Circle Blended Fruit Puree Tropical Smash Lunch Box Pouch 120g,$1.80,$15.00 / 1KG,/shop/productdetails/592203/golden-circle-blended-fruit-puree-tropical-smash-lunch-box-pouch
771480,Woolworths Free From Gluten Double Choc Biscuit 160g,$3.50,$2.19 / 100G,/shop/productdetails/771480/woolworths-free-from-gluten-double-choc-biscuit
591707,Spc Diced Apricots In Juice Fruit Cups 4 X 120g,$4.50,$9.38 / 1KG,/shop/productdetails/591707/spc-diced-apricots-in-juice-fruit-cups
608601,Carman's Gourmet Porridge Sachets Apple Sultana & Cinnamon 8x320g,$5.00,$1.56 / 100G,/shop/productdetails/608601/carman-s-gourmet-porridge-sachets-apple-sultana-cinnamon
229753,Pop Tops Apple & Blackcurrent Fruit Drink 250ml X 6 Pack,$5.90,$3.93 / 1L,/shop/productdetails/229753/pop-tops-apple-blackcurrent-fruit-drink
96422,Philadelphia Light Cream Cheese Spread Tub 250g,$5.70,$22.80 / 1KG,/shop/productdetails/96422/philadelphia-light-cream-cheese-spread-tub
128898,Praise Traditional Creamy Mayonnaise 365g,$4.00,$1.10 / 100G,/shop/productdetails/128898/praise-traditional-creamy-mayonnaise
779889,Sanitarium Up&go Liquid Breakfast Caramel 12 Pack,$15.80,$5.27 / 1L,/shop/productdetails/779889/sanitarium-up-go-liquid-breakfast-caramel
233155,Woolworths Bread Grain Loaf 800g,$3.50,$0.44 / 100G,/shop/productdetails/233155/woolworths-bread-grain-loaf
797145,Kellogg's Nutri-grain Original Cereal Snack Bars 10 Pack,$5.60,$2.33 / 100G,/shop/productdetails/797145/kelloggs-nutri-grain-original-cereal-snack-bars
295443,Babybel Mini Cheese Portions 100g,$5.00,$50.00 / 1KG,/shop/productdetails/295443/babybel-mini-cheese-portions
243895,Moo Greek Style Yoghurt & Granola Honey 170g,$3.00,$1.76 / 100G,/shop/productdetails/243895/moo-greek-style-yoghurt-granola-honey
32198,Mainland Tasty Cheese 500g,$10.00,$20.00 / 1KG,/shop/productdetails/32198/mainland-tasty-cheese
781030,Mayver's Smooth Peanut Butter 375g,$4.60,$1.23 / 100G,/shop/productdetails/781030/mayver-s-smooth-peanut-butter
310586,Sistema Coolers Maxi Fold Up Lunch Assorted Each,$5.75,,/shop/productdetails/310586/sistema-coolers-maxi-fold-up-lunch-assorted
505103,"Carman's Protein Muesli Bars Coconut, Yoghurt & Roasted Nut 200g",$6.20,$3.10 / 100G,/shop/productdetails/505103/carman-s-protein-muesli-bars-coconut-yoghurt-roasted-nut
754498,Aeroplane Ready To Eat Jelly Cup Snack Strawberry Flavour 120g,$1.40,$1.17 / 100G,/shop/productdetails/754498/aeroplane-ready-to-eat-jelly-cup-snack-strawberry-flavour
665449,Carman's Salted Dark Choc Almond Gourmet Protein Bars 200g,$6.20,$3.10 / 100G,/shop/productdetails/665449/carman-s-salted-dark-choc-almond-gourmet-protein-bars
325816,Jazz Apple Snackers 1kg Punnet,$5.90,$5.90 / 1KG,/shop/productdetails/325816/jazz-apple-snackers
67242,Mainland Otg Tasty Artisan Cheese & Crackers 38g,$3.00,$78.95 / 1KG,/shop/productdetails/67242/mainland-otg-tasty-artisan-cheese-crackers
360222,Woolworths Mini Iced Cupcakes With Sprinkles 24 Pack,$11.00,$0.46 / 1EA,/shop/productdetails/360222/woolworths-mini-iced-cupcakes-with-sprinkles
825889,Macro Popcorn Air Popped Light 20g,$1.60,$8.00 / 100G,/shop/productdetails/825889/macro-popcorn-air-popped-light
237381,Nice & Natural Thick Shake Bars Strawberry Flavour 6 Pack,$5.00,$4.17 / 100G,/shop/productdetails/237381/nice-natural-thick-shake-bars-strawberry-flavour
883005,Woolworths Double Choc Chip Muffin 4 Pack,$4.70,$1.12 / 100G,/shop/productdetails/883005/woolworths-double-choc-chip-muffin
370480,Babybel Cheese Portions 200g,$11.20,$56.00 / 1KG,/shop/productdetails/370480/babybel-cheese-portions
236077,Uncle Tobys Protein Caramel Flavour Dark Choc Muesli Bars 5 Pack,$4.70,$2.69 / 100G,/shop/productdetails/236077/uncle-tobys-protein-caramel-flavour-dark-choc-muesli-bars
744522,Woolworths Two Fruits In Juice Cups 4 Pack,$2.20,$4.40 / 1KG,/shop/productdetails/744522/woolworths-two-fruits-in-juice-cups
932567,Chris' Dips French Onion 60g X3 Pack,$4.00,$2.22 / 100G,/shop/productdetails/932567/chris-dips-french-onion
235521,"Uncle Tobys Protein Raspberry, Goji & White Choc Muesli Bars 5 Pack",$4.70,$2.69 / 100G,/shop/productdetails/235521/uncle-tobys-protein-raspberry-goji-white-choc-muesli-bars
435300,"Carman's Honey, Vanilla & Cinnamon Gourmet Porridge Sachets 320g",N/A,N/A,/shop/productdetails/435300/carman-s-honey-vanilla-cinnamon-gourmet-porridge-sachets
315761,Prima Orange Fruit Drink 6x200ml,$3.60,$3.00 / 1L,/shop/productdetails/315761/prima-orange-fruit-drink
168908,Arnott's Gluten Free Choc Ripple Plain Biscuits 150g,$4.70,$3.13 / 100G,/shop/productdetails/168908/arnott-s-gluten-free-choc-ripple-plain-biscuits
136644,Praise Traditional Mayonnaise Squeeze Bottle 490g,$4.50,$0.92 / 100G,/shop/productdetails/136644/praise-traditional-mayonnaise-squeeze-bottle
591705,Spc Apple Puree Cups 4 X 120g,$4.50,$9.38 / 1KG,/shop/productdetails/591705/spc-apple-puree-cups
781655,Bega Cream Cheese Spread Spread 500g,$7.00,$14.00 / 1KG,/shop/productdetails/781655/bega-cream-cheese-spread-spread
21109,Glad Snaplock Storage 10 Pack,$3.50,$0.35 / 1EA,/shop/productdetails/21109/glad-snaplock-storage
927881,The Happy Snack Company Roasted Chickpeas Lightly Salted 6 Pack,$6.00,$4.00 / 100G,/shop/productdetails/927881/the-happy-snack-company-roasted-chickpeas-lightly-salted
407559,Woolworths Smoked Beef Pastrami Freshly Sliced From The Deli Per Kg,$31.00,$31.00 / 1KG,/shop/productdetails/407559/woolworths-smoked-beef-pastrami-freshly-sliced-from-the-deli
159196,Decor Reusable Stainless Steel Straws 5 Pack,$10.50,,/shop/productdetails/159196/decor-reusable-stainless-steel-straws
346546,Laughing Cow Cheese Light 128g,$5.00,$39.06 / 1KG,/shop/productdetails/346546/laughing-cow-cheese-light
343910,Nice & Natural Chocolate Nut Bar Peanut & Almond 6 Pack,$3.00,$1.67 / 100G,/shop/productdetails/343910/nice-natural-chocolate-nut-bar-peanut-almond
867857,Carman's Greek Yoghurt & Berry Protein Bars 5 Pack,$6.20,$3.10 / 100G,/shop/productdetails/867857/carman-s-greek-yoghurt-berry-protein-bars
31158,Carman's Muesli Bars Fruits & Nuts 12 Pack,$10.80,$2.00 / 100G,/shop/productdetails/31158/carman-s-muesli-bars-fruits-nuts
785544,Kanzi Apple 1kg Punnet,$6.90,$6.90 / 1KG,/shop/productdetails/785544/kanzi-apple
591733,Spc Apple & Strawberry Puree Cups 4 X 120g,$4.50,$9.38 / 1KG,/shop/productdetails/591733/spc-apple-strawberry-puree-cups
120672,Woolworths Light Tasty Cheese & Crackers 120g,$4.40,$36.67 / 1KG,/shop/productdetails/120672/woolworths-light-tasty-cheese-crackers
526016,Woolworths Mango In Mango Jelly 4 Pack,$2.20,$4.58 / 1KG,/shop/productdetails/526016/woolworths-mango-in-mango-jelly
769404,Dairyworks Colby Cheese & Rice Crackers 4x120g,$5.00,$41.67 / 1KG,/shop/productdetails/769404/dairyworks-colby-cheese-rice-crackers
854648,Toscano Macarons 144g,$10.50,$7.29 / 100G,/shop/productdetails/854648/toscano-macarons
532375,Sistema Tritan Active Water Bottle Assorted Each,$7.00,$7.00 / 1EA,/shop/productdetails/532375/sistema-tritan-active-water-bottle-assorted
166625,Cheer Cheese Block Tasty 1kg,$14.95,$14.95 / 1KG,/shop/productdetails/166625/cheer-cheese-block-tasty
238058,Nice & Natural Thick Shake Bars Chocolate Flavoured 6 Pack,$5.00,$4.17 / 100G,/shop/productdetails/238058/nice-natural-thick-shake-bars-chocolate-flavoured
535778,Nestle Milo Snack Bars Original 10 Pack,$8.00,$3.81 / 100G,/shop/productdetails/535778/nestle-milo-snack-bars-original
85680,"Woolworths Sliced Mild Salami With Tasty Cheese, Garlic Stuffed Olives 60g",$3.30,$55.00 / 1KG,/shop/productdetails/85680/woolworths-sliced-mild-salami-with-tasty-cheese-garlic-stuffed-olives
302570,Mainland Munchables Tasty Cheese & Crackers 4 Pack,$7.00,$58.33 / 1KG,/shop/productdetails/302570/mainland-munchables-tasty-cheese-crackers
824733,Woolworths Free From Gluten Seeded Bread 550g,$6.25,$1.14 / 100G,/shop/productdetails/824733/woolworths-free-from-gluten-seeded-bread
118858,True Fruit Gogo Apple Mango & Apple Fruit Strips 120g,$4.00,$3.33 / 100G,/shop/productdetails/118858/true-fruit-gogo-apple-mango-apple-fruit-strips
688815,Helga's Gluten Free Traditional White Loaf 470g,$7.50,$1.60 / 100G,/shop/productdetails/688815/helga-s-gluten-free-traditional-white-loaf
578498,Dairyworks Tasty Cheese & Rice Cracker 10 Pack,$11.00,$36.67 / 1KG,/shop/productdetails/578498/dairyworks-tasty-cheese-rice-cracker
49967,Golden Circle Apple Raspberry Poppers Lunch Box Fruit Drink Multipack 250ml X6 Pack,$5.10,$3.40 / 1L,/shop/productdetails/49967/golden-circle-apple-raspberry-poppers-lunch-box-fruit-drink-multipack
140038,Olina's Seeded Snackers Balsamic Vinegar & Onion 140g,$6.00,$4.29 / 100G,/shop/productdetails/140038/olina-s-seeded-snackers-balsamic-vinegar-onion
348698,Woolworths Gouda Cheese Slices 200g,$5.00,$25.00 / 1KG,/shop/productdetails/348698/woolworths-gouda-cheese-slices
357265,Macro Natural Almond Spread 250g,$5.70,$2.28 / 100G,/shop/productdetails/357265/macro-natural-almond-spread
804906,Nibblish Gently Baked Strawberry 80g,$5.50,$68.75 / 1KG,/shop/productdetails/804906/nibblish-gently-baked-strawberry
729170,Woolworths Orange Juice 6x250ml,$3.50,$2.33 / 1L,/shop/productdetails/729170/woolworths-orange-juice
771481,Woolworths Free From Gluten Gingernut Biscuit 155g,$2.70,$1.74 / 100G,/shop/productdetails/771481/woolworths-free-from-gluten-gingernut-biscuit
740020,"Carman's Almond, Cashew & Cranberry Nut Bars 5 Pack",$6.90,$3.94 / 100G,/shop/productdetails/740020/carman-s-almond-cashew-cranberry-nut-bars
954138,Capilano 100% Pure Australian Honey Squeeze 340g,$5.95,$1.75 / 100G,/shop/productdetails/954138/capilano-100-pure-australian-honey-squeeze
932509,The Happy Snack Company Roasted Chickpeas Lightly Salted 200g,$6.25,$3.13 / 100G,/shop/productdetails/932509/the-happy-snack-company-roasted-chickpeas-lightly-salted
517746,Mini Chocolate Croissant 8 Pack,$4.00,$0.50 / 1EA,/shop/productdetails/517746/mini-chocolate-croissant
320268,Nuttelex Olive Table Spread 500g,$5.30,$1.06 / 100G,/shop/productdetails/320268/nuttelex-olive-table-spread
932505,The Happy Snack Company Roasted Fava Beans Lightly Salted 6 Pack,$6.00,$4.00 / 100G,/shop/productdetails/932505/the-happy-snack-company-roasted-fava-beans-lightly-salted
758089,D'orsogna Deli Fresh Ham Double Smoked 100g,$4.00,$40.00 / 1KG,/shop/productdetails/758089/d-orsogna-deli-fresh-ham-double-smoked
110543,Primo Mini Mix Ups Paw Patrol Mild Salami Cheese & Cookies 35g,$3.75,$107.14 / 1KG,/shop/productdetails/110543/primo-mini-mix-ups-paw-patrol-mild-salami-cheese-cookies
799093,Dairylea Fridge Sticks Cheese 160g,$5.00,$31.25 / 1KG,/shop/productdetails/799093/dairylea-fridge-sticks-cheese
30756,Glad Cling Wrap 60m,$5.25,$0.09 / 1M,/shop/productdetails/30756/glad-cling-wrap
535524,Woolworths Apple In Pineapple Jelly 4 Pack,$2.20,$4.58 / 1KG,/shop/productdetails/535524/woolworths-apple-in-pineapple-jelly
681781,Dairyworks Cheddar Cheese Burger Slices 200g,$6.00,$30.00 / 1KG,/shop/productdetails/681781/dairyworks-cheddar-cheese-burger-slices
154338,Macro Organic Royal Gala Apple Punnet 1kg,$7.80,$7.80 / 1KG,/shop/productdetails/154338/macro-organic-royal-gala-apple-punnet
201854,Woolworths Apple Oven Baked Fruit Bars 12 Pack,$4.80,$1.07 / 100G,/shop/productdetails/201854/woolworths-apple-oven-baked-fruit-bars
33605,Bega Peanut Butter Smooth 375g,$4.30,$1.15 / 100G,/shop/productdetails/33605/bega-peanut-butter-smooth
784073,Fresh Beurre Bosc Pear 750g Punnet,$2.90,$3.87 / 1KG,/shop/productdetails/784073/fresh-beurre-bosc-pear
665504,Carman's Oat Slice Bites Variety Pack 320g,$10.80,$3.38 / 100G,/shop/productdetails/665504/carman-s-oat-slice-bites-variety-pack
700536,Berri Pop Tops Apple Blackcurrant Juice 250ml,$1.30,$5.20 / 1L,/shop/productdetails/700536/berri-pop-tops-apple-blackcurrant-juice
332059,Nice & Natural Nut Bar Chocolate 6 Pack,$3.00,$1.56 / 100G,/shop/productdetails/332059/nice-natural-nut-bar-chocolate
233135,Nuttelex Lite Margarine Spread 500g,$5.20,$1.04 / 100G,/shop/productdetails/233135/nuttelex-lite-margarine-spread
872343,Thermos Food Jar Assorted 350ml,$20.80,,/shop/productdetails/872343/thermos-food-jar-assorted
332068,Nice & Natural Nut Bar Trail Mix 6 Pack,$3.00,$1.56 / 100G,/shop/productdetails/332068/nice-natural-nut-bar-trail-mix
33497,Dairylea Cheddar Cheese 250g,$5.00,$20.00 / 1KG,/shop/productdetails/33497/dairylea-cheddar-cheese
666239,Carman's Dark Choc Macadamia Coconut Nut Bars 160g,$6.90,$4.31 / 100G,/shop/productdetails/666239/carman-s-dark-choc-macadamia-coconut-nut-bars
930997,Jarlsberg Original Cheese Slices Sliced Cheese 150g,$7.50,$50.00 / 1KG,/shop/productdetails/930997/jarlsberg-original-cheese-slices-sliced-cheese
224795,Mainland On The Go Tasty Cheese And Crackers 50g,$3.00,$60.00 / 1KG,/shop/productdetails/224795/mainland-on-the-go-tasty-cheese-and-crackers
315777,Just Juice Apple Juice 6x200ml,$5.80,$4.83 / 1L,/shop/productdetails/315777/just-juice-apple-juice
777289,Sistema Lunch Cube Max To Go Assorted Each,$5.50,,/shop/productdetails/777289/sistema-lunch-cube-max-to-go-assorted
477416,Golden Circle Apple Juice No Added Sugar Popper Lunchbox Fruit Juices 200ml X6 Pack,$6.50,$5.42 / 1L,/shop/productdetails/477416/golden-circle-apple-juice-no-added-sugar-popper-lunchbox-fruit-juices
253846,Mainland On The Go Tasty Cheese And Crackers 4 Pack,$7.00,$58.33 / 1KG,/shop/productdetails/253846/mainland-on-the-go-tasty-cheese-and-crackers
249629,Nutino Hazelnut Spread Spread 220g,N/A,N/A,/shop/productdetails/249629/nutino-hazelnut-spread-spread
883117,Woolworths Apple & Cinnamon Muffins 4 Pack,$4.70,$1.12 / 100G,/shop/productdetails/883117/woolworths-apple-cinnamon-muffins
646356,Envy Apple 1kg Punnet,N/A,N/A,/shop/productdetails/646356/envy-apple
137362,Glad Resealable Sandwich Bags 50 Pack,$4.00,$0.08 / 1EA,/shop/productdetails/137362/glad-resealable-sandwich-bags
48019,Flora Margarine Spread Original 500g,$4.50,$0.90 / 100G,/shop/productdetails/48019/flora-margarine-spread-original
763159,Golden Circle Blended Fruit Puree Strawberry Apple Pear Lunch Box Pouch 120g,$1.80,$15.00 / 1KG,/shop/productdetails/763159/golden-circle-blended-fruit-puree-strawberry-apple-pear-lunch-box-pouch
807871,Mainland Vintage Block 400g,$10.00,$25.00 / 1KG,/shop/productdetails/807871/mainland-vintage-block
169009,Arnott's Gluten Free Scotch Finger Biscuits 170g,$4.70,$2.76 / 100G,/shop/productdetails/169009/arnott-s-gluten-free-scotch-finger-biscuits
807870,Mainland Extra Tasty Block 500g,$10.00,$20.00 / 1KG,/shop/productdetails/807870/mainland-extra-tasty-block
569807,Woolworths Pineapple In Juice 4 Pack,$2.20,$4.40 / 1KG,/shop/productdetails/569807/woolworths-pineapple-in-juice
512256,Woolworths Mini Mighty Cheese Pinwheel 8 Pack,$4.00,$0.50 / 1EA,/shop/productdetails/512256/woolworths-mini-mighty-cheese-pinwheel
872287,Thermos Stainless Steel Slimline Flask Assorted 500ml,$16.00,,/shop/productdetails/872287/thermos-stainless-steel-slimline-flask-assorted
91642,Multix Aluminium Foil Wide 30m,$7.65,$0.26 / 1M,/shop/productdetails/91642/multix-aluminium-foil-wide
743186,Evian Natural Mineral Water 1l,$4.30,$4.30 / 1L,/shop/productdetails/743186/evian-natural-mineral-water
110534,Primo Mini Mix Ups Paw Patrol Chicken Breast Cheese & Cookie 35g,$3.75,$107.14 / 1KG,/shop/productdetails/110534/primo-mini-mix-ups-paw-patrol-chicken-breast-cheese-cookie
324207,Kellogg's Lcms Choc Chip Snack Bars 6 Pack,$5.00,$3.79 / 100G,/shop/productdetails/324207/kelloggs-lcms-choc-chip-snack-bars
248802,Woolworths Crispbread & Cheese French Onion Dip 12 Pack,N/A,N/A,/shop/productdetails/248802/woolworths-crispbread-cheese-french-onion-dip
243809,Liddells Lactose Free Probiotic Yoghurt Tropical 140g X 4 Pack,$6.20,$1.11 / 100G,/shop/productdetails/243809/liddells-lactose-free-probiotic-yoghurt-tropical
486336,Macro Air Popped Popcorn Salted & Sweet 20g,$1.60,$8.00 / 100G,/shop/productdetails/486336/macro-air-popped-popcorn-salted-sweet
774596,Woolworths Free From Creme Choc Biscuits 120g,$2.70,$2.25 / 100G,/shop/productdetails/774596/woolworths-free-from-creme-choc-biscuits
694122,Macro Lentil Bites Beetroot 6 Pack,$5.00,$4.63 / 100G,/shop/productdetails/694122/macro-lentil-bites-beetroot
694121,Macro Lentil Bites Pumpkin 6 Pack,$5.00,$4.63 / 100G,/shop/productdetails/694121/macro-lentil-bites-pumpkin
35460,Multix Easy Tear Off Freezer Bags Medium 80 Pack,$3.00,$0.04 / 1EA,/shop/productdetails/35460/multix-easy-tear-off-freezer-bags-medium
336772,Kellogg's Lcms Kaleidos Snack Bars 15 Pack,$7.00,$2.12 / 100G,/shop/productdetails/336772/kelloggs-lcms-kaleidos-snack-bars
932517,The Happy Snack Company Kids Fava Beans Pizza 10 Pack,$6.00,$4.00 / 100G,/shop/productdetails/932517/the-happy-snack-company-kids-fava-beans-pizza
114562,Munchme Pumpkin Seed 120g,$6.00,$5.00 / 100G,/shop/productdetails/114562/munchme-pumpkin-seed
140212,Olina's Seeded Snackers Roasted Beetroot 140g,$6.00,$4.29 / 100G,/shop/productdetails/140212/olina-s-seeded-snackers-roasted-beetroot
686151,Sistema Bottle Quick Flip Assorted 800ml,$6.62,,/shop/productdetails/686151/sistema-bottle-quick-flip-assorted
100752,Glad To Be Green 50% Plant Based Sandwich Bags 40 Pack,$3.00,$0.08 / 1EA,/shop/productdetails/100752/glad-to-be-green-50-plant-based-sandwich-bags
526950,Woolworths Light Tasty Cheese Block 250g,$5.00,$20.00 / 1KG,/shop/productdetails/526950/woolworths-light-tasty-cheese-block
33500,Dairylea Cheddar Cheese 500g,$7.90,$15.80 / 1KG,/shop/productdetails/33500/dairylea-cheddar-cheese
176665,Messy Monkeys Choc Rice Puff Bars 6 Pack,$4.50,$3.75 / 100G,/shop/productdetails/176665/messy-monkeys-choc-rice-puff-bars
954528,Bio Cheese Dairy Free Cheddar Slices 200g,$9.00,$45.00 / 1KG,/shop/productdetails/954528/bio-cheese-dairy-free-cheddar-slices
226463,Bega So Light 50% Reduced Fat Cheese Slices 30 Pack,$9.50,$19.00 / 1KG,/shop/productdetails/226463/bega-so-light-50-reduced-fat-cheese-slices
138265,Olina's Seeded Snackers Chilli & Lime 140g,$6.00,$4.29 / 100G,/shop/productdetails/138265/olina-s-seeded-snackers-chilli-lime
667701,Carman's Dark Choc Cherry Coconut Bar 210g,$5.50,$2.62 / 100G,/shop/productdetails/667701/carman-s-dark-choc-cherry-coconut-bar
867812,Carman's Super Berry Muesli Bars 6 Pack,$5.50,$2.04 / 100G,/shop/productdetails/867812/carman-s-super-berry-muesli-bars
215948,Sanitarium Crunchy Peanut Butter 500g,$4.00,$0.80 / 100G,/shop/productdetails/215948/sanitarium-crunchy-peanut-butter
518053,Aeroplane Ready To Eat Jelly Cup Snack Blackcurrant Flavour 120g,$1.40,$1.17 / 100G,/shop/productdetails/518053/aeroplane-ready-to-eat-jelly-cup-snack-blackcurrant-flavour
180654,The Happy Snack Company Roasted Fava Beans Smoky Bbq 6 Pack,$6.00,$4.00 / 100G,/shop/productdetails/180654/the-happy-snack-company-roasted-fava-beans-smoky-bbq
193761,Devondale Colby Cheese Block 625g,$12.00,$19.20 / 1KG,/shop/productdetails/193761/devondale-colby-cheese-block
340278,Sistema Klipo Cutlery Set To Go Each,$4.00,,/shop/productdetails/340278/sistema-klipo-cutlery-set-to-go
136649,Praise 99% Fat Free Squeeze Mayonnaise 555g,$4.50,$0.81 / 100G,/shop/productdetails/136649/praise-99-fat-free-squeeze-mayonnaise
236622,Uncle Tobys Protein Muesli Bar Lemon With A Yoghurty Drizzle 5 Pack,$4.70,$2.69 / 100G,/shop/productdetails/236622/uncle-tobys-protein-muesli-bar-lemon-with-a-yoghurty-drizzle
522701,Nature Valley Protein Peanut & Chocolate Bars 4 Pack,$6.90,$4.31 / 100G,/shop/productdetails/522701/nature-valley-protein-peanut-chocolate-bars
522704,Nature Valley Salted Caramel Gluten Free Protein Nut Bars 4 Pack,$6.90,$4.31 / 100G,/shop/productdetails/522704/nature-valley-salted-caramel-gluten-free-protein-nut-bars
682794,Mainland Munchables Rice Crackers 4 Pack,$7.00,$58.33 / 1KG,/shop/productdetails/682794/mainland-munchables-rice-crackers
406453,Woolworths Banana Choc Bread 5 Pack,$6.50,$1.30 / 100G,/shop/productdetails/406453/woolworths-banana-choc-bread
689576,Sistema Stainless Steel Bottle Double Walled Assorted 500ml,$11.37,,/shop/productdetails/689576/sistema-stainless-steel-bottle-double-walled-assorted
464456,The Happy Snack Company Roasted Fava Beans Red Pepper & Chilli 6 Pack,$6.00,$4.00 / 100G,/shop/productdetails/464456/the-happy-snack-company-roasted-fava-beans-red-pepper-chilli
786274,Carman's Roasted Nut Bars Greek Style Yoghurt Blueberry 160g,$6.90,$4.31 / 100G,/shop/productdetails/786274/carman-s-roasted-nut-bars-greek-style-yoghurt-blueberry
206426,Bega Strong & Bitey Cheese Slices 15 Pack 250g,$7.00,$28.00 / 1KG,/shop/productdetails/206426/bega-strong-bitey-cheese-slices
237675,Glad Snaplock Reseal Sandwich Bags 100 Pack,$5.50,$0.06 / 1EA,/shop/productdetails/237675/glad-snaplock-reseal-sandwich-bags
73656,Carman's Almond Hazelnut & Vanilla Nut Bars 35g X10 Pack,$10.80,$3.09 / 100G,/shop/productdetails/73656/carman-s-almond-hazelnut-vanilla-nut-bars
215945,Sanitarium Smooth No Added Sugar Or Salt Peanut Butter 500g,$4.00,$0.80 / 100G,/shop/productdetails/215945/sanitarium-smooth-no-added-sugar-or-salt-peanut-butter
700475,Devondale Moo Chocolate Milk 6x200ml,$6.60,$5.50 / 1L,/shop/productdetails/700475/devondale-moo-chocolate-milk
222659,Carman's Berries & Yoghurt Aussie Oat Bars 6 Pack,$4.00,$2.22 / 100G,/shop/productdetails/222659/carman-s-berries-yoghurt-aussie-oat-bars
184863,Messy Monkeys Wholegrain Bites Burger 6 Pack,$6.00,$5.00 / 100G,/shop/productdetails/184863/messy-monkeys-wholegrain-bites-burger
711919,Sistema Plasticware Salad To Go Assorted Each,$5.50,,/shop/productdetails/711919/sistema-plasticware-salad-to-go-assorted
193763,Devondale Tasty Cheese Block 625g,$12.00,$19.20 / 1KG,/shop/productdetails/193763/devondale-tasty-cheese-block
750930,Sistema Plasticware Noodle Bowl To Go Each,$4.00,,/shop/productdetails/750930/sistema-plasticware-noodle-bowl-to-go
155910,Pauls Bluey Strawberry Milk 250ml,$2.25,$9.00 / 1L,/shop/productdetails/155910/pauls-bluey-strawberry-milk
518052,Aeroplane Ready To Eat Jelly Cup Snack Pineapple Flavour 120g,$1.40,$1.17 / 100G,/shop/productdetails/518052/aeroplane-ready-to-eat-jelly-cup-snack-pineapple-flavour
103219,Abbott's Bakery Gluten Free Farmhouse Wholemeal Bread Slice Loaf 500g,$7.80,$1.56 / 100G,/shop/productdetails/103219/abbott-s-bakery-gluten-free-farmhouse-wholemeal-bread-slice-loaf
33604,Bega Peanut Butter Crunchy 375g,$4.30,$1.15 / 100G,/shop/productdetails/33604/bega-peanut-butter-crunchy
56843,Sistema Ss Dual Wall Bottle 1l Each,$16.75,,/shop/productdetails/56843/sistema-ss-dual-wall-bottle-1l
237507,Nice & Natural Thick Shake Bars Caramel Flavour 6 Pack,$5.00,$4.17 / 100G,/shop/productdetails/237507/nice-natural-thick-shake-bars-caramel-flavour
165785,Cheer Cheese Slices Tasty Light 750g,$14.00,$18.67 / 1KG,/shop/productdetails/165785/cheer-cheese-slices-tasty-light
96573,Glad Cling Wrap 150m,$10.50,$0.07 / 1M,/shop/productdetails/96573/glad-cling-wrap
773340,Macro Mini Organic Apple 1kg,$7.80,$7.80 / 1KG,/shop/productdetails/773340/macro-mini-organic-apple
549579,Mainland On The Go Snack Caramelised Onion 110g,$5.50,$50.00 / 1KG,/shop/productdetails/549579/mainland-on-the-go-snack-caramelised-onion
201855,Woolworths Blueberry Oven Baked Fruit Bars 12 Pack,$4.80,$1.07 / 100G,/shop/productdetails/201855/woolworths-blueberry-oven-baked-fruit-bars
165787,Cheer Cheese Slices Tasty 500g,$11.00,$22.00 / 1KG,/shop/productdetails/165787/cheer-cheese-slices-tasty
747133,Sistema Bottle Gripper To Go Assorted 800ml Each,$5.75,,/shop/productdetails/747133/sistema-bottle-gripper-to-go-assorted
763261,Golden Circle Blended Fruit Puree Apple & Passionfruit Lunch Box Pouch 120g,$1.80,$15.00 / 1KG,/shop/productdetails/763261/golden-circle-blended-fruit-puree-apple-passionfruit-lunch-box-pouch
811324,Dairyworks Tasty Cheese Slices 500g,$9.00,$18.00 / 1KG,/shop/productdetails/811324/dairyworks-tasty-cheese-slices
116561,Sa Gourmet Food Co Strawberry Custard 120g,$1.70,$1.42 / 100G,/shop/productdetails/116561/sa-gourmet-food-co-strawberry-custard
315784,Just Juice Orange Juice 6x200ml,$5.80,$4.83 / 1L,/shop/productdetails/315784/just-juice-orange-juice
521371,Kellogg's Lcms Yoghurty Split Stix Snack Bars 15 Pack,$7.00,$2.03 / 100G,/shop/productdetails/521371/kelloggs-lcms-yoghurty-split-stix-snack-bars
222684,Carman's Peanut Butter Protein Bar 4 Pack,$6.20,$3.44 / 100G,/shop/productdetails/222684/carman-s-peanut-butter-protein-bar
815271,Helga's Gluten Free Mixed Grains 500g,$7.50,$1.50 / 100G,/shop/productdetails/815271/helga-s-gluten-free-mixed-grains
159087,Sistema Twist & Sip Swift Bottle 480ml Assorted Each,$3.25,,/shop/productdetails/159087/sistema-twist-sip-swift-bottle-480ml-assorted
732287,Kez's Kitchen Gluten Free Choc Raspberry Vienna Eclairs 190g,$7.70,$4.05 / 100G,/shop/productdetails/732287/kez-s-kitchen-kitchen-gluten-free-choc-raspberry-vienna-eclairs
715942,Belvita Fruit & Fibre Breakfast Biscuits 300g,N/A,N/A,/shop/productdetails/715942/belvita-fruit-fibre-breakfast-biscuits
78532,Carman's Aussie Oat Muesli Bars Apple Pie & Custard 6 Pack,$5.90,$3.28 / 100G,/shop/productdetails/78532/carman-s-aussie-oat-muesli-bars-apple-pie-custard
17280,Dairyworks Tasty Block 500g,$8.00,$16.00 / 1KG,/shop/productdetails/17280/dairyworks-tasty-block
878734,Oak Chocolate Flavoured Milk 3x250ml,$4.35,$5.80 / 1L,/shop/productdetails/878734/oak-chocolate-flavoured-milk
729880,Devondale Sandwich Cheese Slices 500g,$7.50,$15.00 / 1KG,/shop/productdetails/729880/devondale-sandwich-cheese-slices
740080,"Carman's Almond, Hazelnut Vanilla Nut Bars 5 Pack",$6.90,$3.94 / 100G,/shop/productdetails/740080/carman-s-almond-hazelnut-vanilla-nut-bars
7927,Woolworths Cinnamon Donuts 6 Pack,$2.80,$0.47 / 1EA,/shop/productdetails/7927/woolworths-cinnamon-donuts
157009,Decor Double Wall Smoothie & Coffee Tumbler 650ml Assorted Each,$25.50,,/shop/productdetails/157009/decor-double-wall-smoothie-coffee-tumbler-650ml-assorted
15819,Sanitarium Natural Crunchy Peanut Butter 375g,$3.50,$0.93 / 100G,/shop/productdetails/15819/sanitarium-natural-crunchy-peanut-butter
48293,Flora Margarine Spread Original 1kg,$8.95,$0.90 / 100G,/shop/productdetails/48293/flora-margarine-spread-original
64172,Connect Foods Pumpkin Seeds Pink Himalayan Salt 125g,$4.00,$3.20 / 100G,/shop/productdetails/64172/connect-foods-pumpkin-seeds-pink-himalayan-salt
758079,D'orsogna Deli Fresh Ham Champagne Leg 100g,$4.00,$40.00 / 1KG,/shop/productdetails/758079/d-orsogna-deli-fresh-ham-champagne-leg
464458,The Happy Snack Company Kids Fava Beans Salt And Vinegar 10 Pack,$6.00,$4.00 / 100G,/shop/productdetails/464458/the-happy-snack-company-kids-fava-beans-salt-and-vinegar
78533,Carman's Aussie Oat Muesli Bars Brownie With Choc 6 Pack,$5.90,$3.28 / 100G,/shop/productdetails/78533/carman-s-aussie-oat-muesli-bars-brownie-with-choc
203548,Woolworths Apricot Sun Dried 750g Pack,$11.25,$15.00 / 1KG,/shop/productdetails/203548/woolworths-apricot-sun-dried
305383,Hellmann's Real Mayo Jar Real Mayonnaise 400g,$7.50,$1.88 / 100G,/shop/productdetails/305383/hellmann-s-real-mayo-jar-real-mayonnaise
592529,Sistema Bento Box To Go Assorted Each,$8.50,,/shop/productdetails/592529/sistema-bento-box-to-go-assorted
763259,Golden Circle Blended Fruit Puree Mango & Pineapple Lunch Box Pouch 120g,$1.80,$15.00 / 1KG,/shop/productdetails/763259/golden-circle-blended-fruit-puree-mango-pineapple-lunch-box-pouch
23757,Mainland On The Go Cheese Crackers Balsamic Beetroot Relish 110g,$5.50,$50.00 / 1KG,/shop/productdetails/23757/mainland-on-the-go-cheese-crackers-balsamic-beetroot-relish
855447,Mayver's Unsalted Smunchy Peanut Butter 375g,$4.60,$1.23 / 100G,/shop/productdetails/855447/mayver-s-unsalted-smunchy-peanut-butter
168703,Balconi Trancetto Cocoa 10 Pack,$4.50,$0.45 / 1EA,/shop/productdetails/168703/balconi-trancetto-cocoa
215943,Sanitarium Crunchy No Added Sugar Or Salt Peanut Butter 500g,$4.00,$0.80 / 100G,/shop/productdetails/215943/sanitarium-crunchy-no-added-sugar-or-salt-peanut-butter
378654,Kez's Kitchen Gluten Free Lemon Cream Melting Moments 190g,$7.70,$4.05 / 100G,/shop/productdetails/378654/kez-s-kitchen-kitchen-gluten-free-lemon-cream-melting-moments
94731,Mainland On The Go Chilli Jam With Cheddar Slices & Crackers 110g,$5.50,$50.00 / 1KG,/shop/productdetails/94731/mainland-on-the-go-chilli-jam-with-cheddar-slices-crackers
230136,Golden Circle Berry Burst Refreshers Popper Low Sugar Flavoured Water 250ml X6 Pack,$5.80,$3.87 / 1L,/shop/productdetails/230136/golden-circle-berry-burst-refreshers-popper-low-sugar-flavoured-water
214718,Carman's Classic Fruit & Nut Muesli Bars 6 Pack,$5.50,$2.04 / 100G,/shop/productdetails/214718/carman-s-classic-fruit-nut-muesli-bars
332066,Nice & Natural Nut Bar Yoghurt 6 Pack,$3.00,$1.56 / 100G,/shop/productdetails/332066/nice-natural-nut-bar-yoghurt
932514,The Happy Snack Company Kids Fava Beans Lightly Salted 10 Pack,$6.00,$4.00 / 100G,/shop/productdetails/932514/the-happy-snack-company-kids-fava-beans-lightly-salted
117322,Sistema Double Walled Stainless Steel Bottle 280ml,$8.37,,/shop/productdetails/117322/sistema-double-walled-stainless-steel-bottle
126650,Mayver's Crunchy Peanut Butter 750g,$9.80,$1.31 / 100G,/shop/productdetails/126650/mayver-s-crunchy-peanut-butter
694123,Macro Lentil Bites Carrot 6 Pack,$5.00,$4.63 / 100G,/shop/productdetails/694123/macro-lentil-bites-carrot
175736,Carman's Raspberry & Pistachio Protein Bar 150g 5 Pack,$6.20,$4.13 / 100G,/shop/productdetails/175736/carman-s-raspberry-pistachio-protein-bar-150g
315780,Just Juice Apple & Blackcurrant Juice 6x200ml,$5.80,$4.83 / 1L,/shop/productdetails/315780/just-juice-apple-blackcurrant-juice
337153,Woolworths Cheese Roll 4 Pack,$4.50,$1.13 / 1EA,/shop/productdetails/337153/woolworths-cheese-roll
707139,Dairyworks Tasty Cheese & Crackers 120g,$5.00,$41.67 / 1KG,/shop/productdetails/707139/dairyworks-tasty-cheese-crackers
688724,Helga's Gluten Free 5 Seed Loaf 500g,$7.50,$1.50 / 100G,/shop/productdetails/688724/helga-s-gluten-free-5-seed-loaf
154379,Sistema Chic Double Wall Stainless Steel Bottle 600ml Assorted Each,$13.00,,/shop/productdetails/154379/sistema-chic-double-wall-stainless-steel-bottle-600ml-assorted
492142,Golden Circle Blended Fruit Puree Berry & Apple Blackcurrant Lunchbox 120g,$1.80,$15.00 / 1KG,/shop/productdetails/492142/golden-circle-blended-fruit-puree-berry-apple-blackcurrant-lunchbox
222885,Carman's Low Sugar & Low Carb Bars Honeycomb Whip 3 Pack,$6.90,$5.75 / 100G,/shop/productdetails/222885/carman-s-low-sugar-low-carb-bars-honeycomb-whip
206424,Bega Light Vintage 25% Reduced Fat Cheese Slices 15 Pack 250g,$7.00,$28.00 / 1KG,/shop/productdetails/206424/bega-light-vintage-25-reduced-fat-cheese-slices
127012,Mayver's Smooth Peanut Butter 750g,$9.80,$1.31 / 100G,/shop/productdetails/127012/mayver-s-smooth-peanut-butter
229959,Vessel Spring Water 750ml,$4.95,$6.60 / 1L,/shop/productdetails/229959/vessel-spring-water
31169,Carman's Muesli Bars Original Fruits Free 12 Pack,$10.80,$2.00 / 100G,/shop/productdetails/31169/carman-s-muesli-bars-original-fruits-free
758131,D'orsogna Deli Fresh Ham Honey 100g,$4.00,$40.00 / 1KG,/shop/productdetails/758131/d-orsogna-deli-fresh-ham-honey
694763,Woolworths Danish Havarti Cheese Slices 200g,$5.00,$25.00 / 1KG,/shop/productdetails/694763/woolworths-danish-havarti-cheese-slices
103123,Woolworths Free From Gluten Croissants 2 Pack,$5.50,$2.75 / 100G,/shop/productdetails/103123/woolworths-free-from-gluten-croissants
648995,Sistema Tritan Swift Bottle 600ml,$5.50,,/shop/productdetails/648995/sistema-tritan-swift-bottle
1073927570,Coco Coast Natural Watermelon Water 500ml x 12 pack,$44.95,$7.49 / 1L,/shop/productdetails/1073927570/coco-coast-natural-watermelon-water-500ml-x-12-pack
249628,Nutino Hazelnut Spread Spread 400g,$5.20,$1.30 / 100G,/shop/productdetails/249628/nutino-hazelnut-spread-spread
132534,Carman's Aussie Oat Muesli Bars Vanilla Birthday Cake 6 Pack,$5.90,$3.28 / 100G,/shop/productdetails/132534/carman-s-aussie-oat-muesli-bars-vanilla-birthday-cake
477418,Golden Circle Fruit Juice Box Poppers Tropical Juice No Added Sugar 200ml X6 Pack,$6.50,$5.42 / 1L,/shop/productdetails/477418/golden-circle-fruit-juice-box-poppers-tropical-juice-no-added-sugar
214717,Carman's Original Fruit Free Muesli Bars 6 Pack,$5.50,$2.04 / 100G,/shop/productdetails/214717/carman-s-original-fruit-free-muesli-bars
182060,Bega Light Tasty 50% Less Fat Cheese 500g,$8.50,$17.00 / 1KG,/shop/productdetails/182060/bega-light-tasty-50-less-fat-cheese
816101,Woolworths Free From Gluten Eng Muffins 4 Pack,$7.00,$2.50 / 100G,/shop/productdetails/816101/woolworths-free-from-gluten-eng-muffins
116300,Sistema To Go Salad & Sandwich 1.63l,$5.50,,/shop/productdetails/116300/sistema-to-go-salad-sandwich
249627,Nutino Hazelnut Spread Spread 750g,$8.90,$1.19 / 100G,/shop/productdetails/249627/nutino-hazelnut-spread-spread
181872,Bc Snacks White Chocolate Raspberry Truffle High Protein Bar 40g,$3.00,$7.50 / 100G,/shop/productdetails/181872/bc-snacks-white-chocolate-raspberry-truffle-high-protein-bar
156078,Pauls Bluey Chocolate Milk 250ml,$2.25,$9.00 / 1L,/shop/productdetails/156078/pauls-bluey-chocolate-milk
48463,Devondale Dairy Soft Salt Reduced Butter Blend 500g,$7.50,$1.50 / 100G,/shop/productdetails/48463/devondale-dairy-soft-salt-reduced-butter-blend
56523,Sistema Mega Fold Up Cooler Bag Each,$8.62,,/shop/productdetails/56523/sistema-mega-fold-up-cooler-bag
221654,Pauls Bluey Chocolate Flavoured Milk 200ml X 6 Pack,$4.75,$3.96 / 1L,/shop/productdetails/221654/pauls-bluey-chocolate-flavoured-milk
744031,D'orsogna Deli Fresh Roast Chicken Free Range 100g,$4.00,$40.00 / 1KG,/shop/productdetails/744031/d-orsogna-deli-fresh-roast-chicken-free-range
160981,Glad Bake & Cooking Paper 40m,$8.50,$0.21 / 1M,/shop/productdetails/160981/glad-bake-cooking-paper
56234,Sistema Lunch Stack To Go Rectangle 1.8l Each,$5.50,,/shop/productdetails/56234/sistema-lunch-stack-to-go-rectangle-1-8l
789937,Devondale Moo Strawberry Milk 6x200ml,$6.60,$5.50 / 1L,/shop/productdetails/789937/devondale-moo-strawberry-milk
807862,Nice & Natural Protein Wholeseed Bars Cranberry & Raspberry 5 Pack,$4.80,$3.20 / 100G,/shop/productdetails/807862/nice-natural-protein-wholeseed-bars-cranberry-raspberry
230507,Eskal Gluten Free Crackers 200g,N/A,N/A,/shop/productdetails/230507/eskal-gluten-free-crackers
352687,Food For Health Bars Fruit Free 150g,$7.00,$4.67 / 100G,/shop/productdetails/352687/food-for-health-bars-fruit-free
357269,"Macro Natural Brazil, Almond & Cashew Spread 250g",$5.70,$2.28 / 100G,/shop/productdetails/357269/macro-natural-brazil-almond-cashew-spread
477442,Golden Circle Apple & Mango Juice Poppers No Added Sugar Multipack Juice 200ml X6 Pack,$6.50,$5.42 / 1L,/shop/productdetails/477442/golden-circle-apple-mango-juice-poppers-no-added-sugar-multipack-juice
529030,Hellmann's Real Mayonnaise Squeeze 400g,$5.50,$1.38 / 100G,/shop/productdetails/529030/hellmann-s-real-mayonnaise-squeeze
777640,Golden Circle Blended Fruit Puree Banana & Berries Berry Lunch Box Pouch 120g,$1.80,$15.00 / 1KG,/shop/productdetails/777640/golden-circle-blended-fruit-puree-banana-berries-berry-lunch-box-pouch
56171,Sistema To Go Lunch Stack Square Assorted Each,$4.50,,/shop/productdetails/56171/sistema-to-go-lunch-stack-square-assorted
324521,Mainland Cracker Cuts Tasty Cheese 120g,$6.00,$50.00 / 1KG,/shop/productdetails/324521/mainland-cracker-cuts-tasty-cheese
438612,Beechworth 100% Australian Bee Cause Bush Honey Squeeze 400g,$8.00,$2.00 / 100G,/shop/productdetails/438612/beechworth-100-australian-bee-cause-bush-honey-squeeze
184267,Bc Snacks Salted Caramel Fudge High Protein Bar 40g,$3.00,$7.50 / 100G,/shop/productdetails/184267/bc-snacks-salted-caramel-fudge-high-protein-bar
679375,Mayver's Smunchy Protein Plus Peanut Butter 375g,$5.20,$1.39 / 100G,/shop/productdetails/679375/mayver-s-smunchy-protein-plus-peanut-butter
18322,Essentials Cling Wrap 300m,$8.30,$0.03 / 1M,/shop/productdetails/18322/essentials-cling-wrap
435310,Carman's Super Berry & Coconut Gourmet Porridge Sachets 320g,$5.00,$1.56 / 100G,/shop/productdetails/435310/carman-s-super-berry-coconut-gourmet-porridge-sachets
754776,Pic's Peanut Butter Smooth 380g,$5.00,$1.32 / 100G,/shop/productdetails/754776/pic-s-peanut-butter-smooth
315797,Just Juice Paradise Punch 6x200ml,$5.80,$4.83 / 1L,/shop/productdetails/315797/just-juice-paradise-punch
821283,Liddells Lactose Free Chocolate Milk 3x250ml,$5.15,$6.87 / 1L,/shop/productdetails/821283/liddells-lactose-free-chocolate-milk
250091,Sistema Slimline Plasticware Quaddie Lunch Box Each,$5.00,,/shop/productdetails/250091/sistema-slimline-plasticware-quaddie-lunch-box
878752,Oak Strawberry Flavoured Milk (3x250ml) 750ml,$4.35,$5.80 / 1L,/shop/productdetails/878752/oak-strawberry-flavoured-milk-3x250ml-
648994,Woolworths Kiwifruit Green Kids 5 Pack,N/A,N/A,/shop/productdetails/648994/woolworths-kiwifruit-green-kids
100078,Glad To Be Green Compostable Brown Bake Paper 15m,$4.50,$0.30 / 1M,/shop/productdetails/100078/glad-to-be-green-compostable-brown-bake-paper
213280,Praise Whole Egg Mayonnaise Mayonnaise 445g,$6.00,$1.35 / 100G,/shop/productdetails/213280/praise-whole-egg-mayonnaise-mayonnaise
535646,Abbott's Bakery Gluten Free Soy & Linseed Sandwich Slice Bread Loaf 500g,$7.80,$1.56 / 100G,/shop/productdetails/535646/abbott-s-bakery-gluten-free-soy-linseed-sandwich-slice-bread-loaf
226351,Cracker Barrel Slice Extra Sharp 250g,$8.50,$34.00 / 1KG,/shop/productdetails/226351/cracker-barrel-slice-extra-sharp
9232,Custard Filled Profiterole 8 Pack,$6.75,$0.84 / 1EA,/shop/productdetails/9232/woolworths-custard-filled-profiterole
117430,Sa Gourmet Food Co Banana Custard 120g,$1.70,$1.42 / 100G,/shop/productdetails/117430/sa-gourmet-food-co-banana-custard
165808,Cheer Cheese Slices Colby 500g,$11.00,$22.00 / 1KG,/shop/productdetails/165808/cheer-cheese-slices-colby
223654,Gokids Chocolate Oat Milk 200ml,$3.30,$5.50 / 1L,/shop/productdetails/223654/gokids-chocolate-oat-milk
160116,Mayver's Dark Roasted Peanut Butter Crunchy 750g,$9.80,$1.31 / 100G,/shop/productdetails/160116/mayver-s-dark-roasted-peanut-butter-crunchy
553057,Macro Organic Smooth Peanut Butter 375g,$6.00,$1.60 / 100G,/shop/productdetails/553057/macro-organic-smooth-peanut-butter
183989,Messy Monkeys Wholegrain Bites Cheese 6 Pack,$6.00,$5.00 / 100G,/shop/productdetails/183989/messy-monkeys-wholegrain-bites-cheese
103661,Smash Blue Stainless Steel Snack Pots 200ml Assorted 2 Pack,$16.00,,/shop/productdetails/103661/smash-blue-stainless-steel-snack-pots-200ml-assorted
357267,Macro Natural Cashew Spread 250g,$5.70,$2.28 / 100G,/shop/productdetails/357267/macro-natural-cashew-spread
46024,Cracker Barrel Block Extra Sharp 500g,$13.80,$27.60 / 1KG,/shop/productdetails/46024/cracker-barrel-block-extra-sharp
103660,Smash Blue Stainless Steel Meal Box Assorted Each,$15.00,,/shop/productdetails/103660/smash-blue-stainless-steel-meal-box-assorted
253674,Devondale Mozzarella Cheese Block 550g,$12.00,$21.82 / 1KG,/shop/productdetails/253674/devondale-mozzarella-cheese-block
360257,Pic's Peanut Butter Crunchy 380g,$5.00,$1.32 / 100G,/shop/productdetails/360257/pic-s-peanut-butter-crunchy
498474,Fix And Fogg Peanut Butter Smooth 375g,$6.90,$1.84 / 100G,/shop/productdetails/498474/fix-and-fogg-peanut-butter-smooth
197195,Olina's Swedish Round Crispbread Everything Seed 150g,$5.00,$3.33 / 100G,/shop/productdetails/197195/olina-s-swedish-round-crispbread-everything-seed
334236,Multix Alfoil Traditional Strength 60m,$14.00,$0.23 / 1M,/shop/productdetails/334236/multix-alfoil-traditional-strength
154432,Decor Insulated Double Wall Tumbler 450ml Assorted Each,$22.00,,/shop/productdetails/154432/decor-insulated-double-wall-tumbler-450ml-assorted
65424,Mamee Monster Rice Stick Chicken Flavour 200g,$7.50,$3.75 / 100G,/shop/productdetails/65424/mamee-monster-rice-stick-chicken-flavour
506995,Bega Peanut Butter Super Crunchy 470g,$6.40,$1.36 / 100G,/shop/productdetails/506995/bega-peanut-butter-super-crunchy
647416,Norco Elbo Style Cheese Block 500g,$11.20,$22.40 / 1KG,/shop/productdetails/647416/norco-elbo-style-cheese-block
133090,Woolworths Free From Gluten Tomato & Herb Crispbread 125g,$2.75,$2.20 / 100G,/shop/productdetails/133090/woolworths-free-from-gluten-tomato-herb-crispbread
157662,Decor Reusable Lunch Bags Assorted 2 Pack,$8.50,$4.25 / 1EA,/shop/productdetails/157662/decor-reusable-lunch-bags-assorted
166392,Cheer Cheese Slices Tasty Light 500g,$11.00,$22.00 / 1KG,/shop/productdetails/166392/cheer-cheese-slices-tasty-light
159325,Decor Reusable Snack Bags Assorted 2 Pack,$6.50,,/shop/productdetails/159325/decor-reusable-snack-bags-assorted
159343,Sistema Tritan Active Bottle 1l Assorted Each,$8.50,,/shop/productdetails/159343/sistema-tritan-active-bottle-1l-assorted
237565,Buddee Chocolate Spread 270g,$6.50,$2.41 / 100G,/shop/productdetails/237565/buddee-chocolate-spread
88602,Balconi Mix Max Spgnckes Cocoa 10 Pack,$7.25,$0.73 / 1EA,/shop/productdetails/88602/balconi-mix-max-spgnckes-cocoa
221770,Pauls Bluey Full Cream Milk 200ml X 6 Pack,$4.20,$3.50 / 1L,/shop/productdetails/221770/pauls-bluey-full-cream-milk
79949,Go Natural Bars Nut Delight 40g,$1.80,$4.50 / 100G,/shop/productdetails/79949/go-natural-bars-nut-delight
238202,Buddee Smooth Nut Free Spread 270g,$6.50,$2.41 / 100G,/shop/productdetails/238202/buddee-smooth-nut-free-spread
162952,Kez's Kitchen Gluten Free Choc Peanut Florentines 185g,$7.70,$4.16 / 100G,/shop/productdetails/162952/kez-s-kitchen-kitchen-gluten-free-choc-peanut-florentines
68189,Go Natural Savoury Bars Almond Cashews 45g,$1.80,$4.00 / 100G,/shop/productdetails/68189/go-natural-savoury-bars-almond-cashews
498473,Fix And Fogg Peanut Butter Super Crunchy 375g,$6.90,$1.84 / 100G,/shop/productdetails/498473/fix-and-fogg-peanut-butter-super-crunchy
146326,Carman's Classic Fruit & Nut Muesli 500g,$6.90,$1.38 / 100G,/shop/productdetails/146326/carman-s-classic-fruit-nut-muesli
146325,Carman's Original Fruit Free Muesli 500g,$6.90,$1.38 / 100G,/shop/productdetails/146325/carman-s-original-fruit-free-muesli
198333,Olina's Swedish Round Crispbread Wholemeal Sourdough 140g,$5.00,$3.57 / 100G,/shop/productdetails/198333/olina-s-swedish-round-crispbread-wholemeal-sourdough
16677,Fix And Fogg Everything Butter 275g,$6.90,$2.51 / 100G,/shop/productdetails/16677/fix-and-fogg-everything-butter
219675,Sistema To Go Ribbon Lunch Box 1.1l Each,$5.00,,/shop/productdetails/219675/sistema-to-go-ribbon-lunch-box-1-1l
214369,Pauls Bluey Banana Flavoured Milk 250ml,$2.25,$9.00 / 1L,/shop/productdetails/214369/pauls-bluey-banana-flavoured-milk
553058,Macro Organic Crunchy Peanut Butter 375g,$6.00,$1.60 / 100G,/shop/productdetails/553058/macro-organic-crunchy-peanut-butter
33642,Capilano 100% Pure Australian Honey Jar 500g,$8.60,$1.72 / 100G,/shop/productdetails/33642/capilano-100-pure-australian-honey-jar
1073923606,Lemon And Lime Shaker Bottle with Stainless Steel Ball 600ml Assorted,$12.75,,/shop/productdetails/1073923606/lemon-and-lime-shaker-bottle-with-stainless-steel-ball-600ml-assorted
100068,Nibblish Gently Baked Cranberry 140g,$5.50,$39.29 / 1KG,/shop/productdetails/100068/nibblish-gently-baked-cranberry
223978,Gokids Vanilla Oat Milk 200ml,$3.30,$5.50 / 1L,/shop/productdetails/223978/gokids-vanilla-oat-milk
227990,Messy Monkeys Gluten Free Whole Grain Bites Pizza Flavour 6 Pack,N/A,N/A,/shop/productdetails/227990/messy-monkeys-gluten-free-whole-grain-bites-pizza-flavour
102301,Fix & Fogg Peanut Butter Super Crunchy 750g,$9.90,$1.32 / 100G,/shop/productdetails/102301/fix-and-fogg-fix-fogg-peanut-butter-super-crunchy
229166,Messy Monkeys Gluten Free Lunchbox Loops Choc Shake Flavour 6 Pack,$6.00,$5.56 / 100G,/shop/productdetails/229166/messy-monkeys-gluten-free-lunchbox-loops-choc-shake-flavour
679383,Mayver's Smunchy Protein Plus 5 Seeds Peanut Butter 375g,$6.50,$1.73 / 100G,/shop/productdetails/679383/mayver-s-smunchy-protein-plus-5-seeds-peanut-butter
114488,Decor Junior Sip Stainless Steel Straw Bottle Assorted Each,$14.00,,/shop/productdetails/114488/decor-junior-sip-stainless-steel-straw-bottle-assorted
56233,Sistema Tritan Adventum Bottle 900ml Each,$8.00,,/shop/productdetails/56233/sistema-tritan-adventum-bottle-900ml
123421,Stasher Sandwich Bag Clear Each,$10.00,,/shop/productdetails/123421/stasher-sandwich-bag-clear
111360,Decor Go Reusable Gel Ice Pack 2 Pack,$8.00,,/shop/productdetails/111360/decor-go-reusable-gel-ice-pack
922530,Carman's Super Berry Muesli Blueberry & Goji Muesli 500g,$6.90,$1.38 / 100G,/shop/productdetails/922530/carman-s-super-berry-muesli-blueberry-goji-muesli
494000,Smash Large Freeze Bricks Each,$4.00,$4.00 / 1EA,/shop/productdetails/494000/smash-large-freeze-bricks
146327,Carman's Natural Bircher Muesli 500g,$6.90,$1.38 / 100G,/shop/productdetails/146327/carman-s-natural-bircher-muesli
157512,Decor Go Reusable Cutlery Set Assorted 4 Pack,$8.50,$2.13 / 1EA,/shop/productdetails/157512/decor-go-reusable-cutlery-set-assorted
103333,Fix And Fogg Smooth Peanut Butter 750g,$9.90,$1.32 / 100G,/shop/productdetails/103333/fix-and-fogg-smooth-peanut-butter
159971,Mayver's Dark Roasted Extra Crunchy Peanut Butter 375g,$5.80,$1.55 / 100G,/shop/productdetails/159971/mayver-s-dark-roasted-extra-crunchy-peanut-butter
228522,Messy Monkeys Honey Joy Flavour Loops 108g,$6.00,$5.56 / 100G,/shop/productdetails/228522/messy-monkeys-honey-joy-flavour-loops
122219,Stasher Sandwich Bag Aqua Each,$10.00,,/shop/productdetails/122219/stasher-sandwich-bag-aqua
198685,Fix And Fogg Choc Berry Everything Spread 275g,$6.90,$2.51 / 100G,/shop/productdetails/198685/fix-and-fogg-choc-berry-everything-spread
97301,Mayver's Extra Crunchy Peanut Butter 375g,$5.80,$1.55 / 100G,/shop/productdetails/97301/mayver-s-extra-crunchy-peanut-butter
495443,Decor Lunch Box Ice Pack Small Assorted 2 Pack,$8.00,,/shop/productdetails/495443/decor-lunch-box-ice-pack-small-assorted
109280,Decor Snap & Seal Stainless Steel Bottle Assorted 1l,$16.50,,/shop/productdetails/109280/decor-snap-seal-stainless-steel-bottle-assorted
112924,Decor Jumbo Chug Tritan Bottle Assorted 2.2l,$17.00,,/shop/productdetails/112924/decor-jumbo-chug-tritan-bottle-assorted
1073779039,Vego Vegolino 180g,$12.95,$7.19 / 100G,/shop/productdetails/1073779039/vego-vegolino-180g
463900,Decor Snap & Seal Soft Touch Bottle Assorted Each,$10.00,,/shop/productdetails/463900/decor-snap-seal-soft-touch-bottle-assorted
1073927567,Coco Coast Natural Coconut Water 500ml x 12 pack,$44.95,$7.49 / 1L,/shop/productdetails/1073927567/coco-coast-natural-coconut-water-500ml-x-12-pack
1073779546,Dandies Vegan Vanilla Marshmallows Regular Size 283g,$11.96,$4.23 / 100G,/shop/productdetails/1073779546/dandies-vegan-vanilla-marshmallows-regular-size-283g
442195,Brita Active Filtered Water Bottle Blue 600ml,$12.25,,/shop/productdetails/442195/brita-active-filtered-water-bottle-blue
1073865379,Cheeki Insulated Water Bottle 1.9L,$69.95,,/shop/productdetails/1073865379/cheeki-insulated-water-bottle-1-9l
1073927572,Coco Coast Strawberry Coconut Water 500ml x 12 pack,$44.95,$7.49 / 1L,/shop/productdetails/1073927572/coco-coast-strawberry-coconut-water-500ml-x-12-pack
1073923766,Adidas Performance Water Bottle - Blue 600ml,$21.25,,/shop/productdetails/1073923766/adidas-performance-water-bottle-blue-600ml
1073923553,Adidas Performance Water Bottle - Green 600ml,$21.25,,/shop/productdetails/1073923553/adidas-performance-water-bottle-green-600ml
1073898350,BSc Body Science High Protein Low Carb Plant Bar Salted Caramel Box 12 X 45g,$45.00,,/shop/productdetails/1073898350/bsc-body-science-high-protein-low-carb-plant-bar-salted-caramel-box-12-x-45g
1073923786,Zefal Water Bottle Insulated Arctica 75 Red 750ml,$25.50,,/shop/productdetails/1073923786/zefal-water-bottle-insulated-arctica-75-red-750ml
1073923715,Adidas Performance Water Bottle - Black 900ml,$24.65,,/shop/productdetails/1073923715/adidas-performance-water-bottle-black-900ml
1073865369,Cheeki Insulated Water Bottle Silver 600ml,$39.95,,/shop/productdetails/1073865369/cheeki-insulated-water-bottle-silver-600ml
1073865395,Cheeki Insulated Coffee Mug Avocado 450ml,$46.95,,/shop/productdetails/1073865395/cheeki-insulated-coffee-mug-avocado-450ml
495523,Decor Pumped Tritan Bottle 750ml Assorted Each,$11.00,,/shop/productdetails/495523/decor-pumped-tritan-bottle-750ml-assorted
1073924793,"Reebok Water Bottle (500ml, Clear)",$19.96,,/shop/productdetails/1073924793/reebok-water-bottle-500ml-clear-
1073927568,Coco Coast Passionfruit Coconut Water 500ml x 12 pack,$44.95,$7.49 / 1L,/shop/productdetails/1073927568/coco-coast-passionfruit-coconut-water-500ml-x-12-pack
463899,Decor Pumped Sport Bottle Slider 1l Each,$8.00,,/shop/productdetails/463899/decor-pumped-sport-bottle-slider
1073924801,Reebok Water Bottle 500ml in Clear (Pack of 2),$35.96,,/shop/productdetails/1073924801/reebok-water-bottle-500ml-in-clear-pack-of-2-
1073927571,Coco Coast Yuzu Coconut Water 500ml x 12 pack,$44.95,$7.49 / 1L,/shop/productdetails/1073927571/coco-coast-yuzu-coconut-water-500ml-x-12-pack
495442,Decor Double Wall Insulated Bullet Bottle 500ml Each,$22.00,,/shop/productdetails/495442/decor-double-wall-insulated-bullet-bottle
495543,Decor Hydrate Tritan Bottle 1l Assorted Each,$11.00,,/shop/productdetails/495543/decor-hydrate-tritan-bottle-1l-assorted
159216,B.box Lunchbox Assorted Each,$33.00,,/shop/productdetails/159216/b-box-lunchbox-assorted
1073944521,Boulder Canyon Avocado Oil Classic Sea Salt 149g 2pack,$17.00,$5.70 / 100G,/shop/productdetails/1073944521/boulder-canyon-avocado-oil-classic-sea-salt-149g-2pack
1073779545,Dandies Vegan Vanilla Marshmallows Mini Size 283g,$11.96,$4.23 / 100G,/shop/productdetails/1073779545/dandies-vegan-vanilla-marshmallows-mini-size-283g
1073842246,Stasher 'Sandwich' Reusable Silicone Food Bag 450ml - Clear,$34.00,,/shop/productdetails/1073842246/stasher-sandwich-reusable-silicone-food-bag-450ml-clear
217160,B.box Insulated Drink Bottle Assorted 500ml,$36.00,,/shop/productdetails/217160/b-box-insulated-drink-bottle-assorted
446308,Camelbak The Eddy Kids Drink Bottle Assorted 400ml Each,$18.40,,/shop/productdetails/446308/camelbak-the-eddy-kids-drink-bottle-assorted
1073815104,Smash Insulated Fold Up Lunch Bag,$13.00,,/shop/productdetails/1073815104/smash-insulated-fold-up-lunch-bag
1073842229,Stasher 'Stand Up' Reusable Silicone Food Bag 828ml - Clear,$50.00,,/shop/productdetails/1073842229/stasher-stand-up-reusable-silicone-food-bag-828ml-clear
1073865363,Cheeki Insulated Water Bottle Black 1L,$46.95,,/shop/productdetails/1073865363/cheeki-insulated-water-bottle-black-1l
1073865401,Cheeki Thirsty Max Water Bottle Champagne 1.6L,$39.95,,/shop/productdetails/1073865401/cheeki-thirsty-max-water-bottle-champagne-1-6l
1073927569,Coco Coast Lychee Coconut Water 500ml x 12 pack,$44.95,$7.49 / 1L,/shop/productdetails/1073927569/coco-coast-lychee-coconut-water-500ml-x-12-pack
789490,Decor Pumped Soft Touch Sports Bottle 750ml Assorted Each,$14.50,,/shop/productdetails/789490/decor-pumped-soft-touch-sports-bottle-750ml-assorted
1073950241,Packit Freezable Hampton Lunch Bag - Mint,$46.00,,/shop/productdetails/1073950241/packit-freezable-hampton-lunch-bag-mint
1073923684,Zefal Water Bottle Insulated Arctica 75 Green 750ml,$21.25,,/shop/productdetails/1073923684/zefal-water-bottle-insulated-arctica-75-green-750ml
748794,Decor Athletic Tritan Bottle Assorted 750ml,$15.50,,/shop/productdetails/748794/decor-athletic-tritan-bottle-assorted
1073797754,Ever Eco Reusable Silicone Food Pouch 1L 1 Pack,$24.95,$2.50 / 100ML,/shop/productdetails/1073797754/ever-eco-reusable-silicone-food-pouch-1l-1-pack
1073842243,Stasher 'Stand Up' Reusable Silicone Food Bag 3.07L - Clear,$75.00,,/shop/productdetails/1073842243/stasher-stand-up-reusable-silicone-food-bag-3-07l-clear
1073983137,Un Chi Crispy Fish Skin Chips Tomato Flavour 100g X 4Pack,$28.99,$7.25 / 100G,/shop/productdetails/1073983137/un-chi-crispy-fish-skin-chips-tomato-flavour-100g-x-4pack
1073842297,Progressive Fruit and Vegetable Chopper,$110.00,,/shop/productdetails/1073842297/progressive-fruit-and-vegetable-chopper
1073944274,Bentgo Kids Leak Proof Lunch Box Blue,$43.95,,/shop/productdetails/1073944274/bentgo-kids-leak-proof-lunch-box-blue
219705,Decor Junior Tritan Bottle Assorted 500ml,$12.00,,/shop/productdetails/219705/decor-junior-tritan-bottle-assorted
155187,Decor Zen Glass Silicone Bottle 600ml Assorted Each,$19.00,,/shop/productdetails/155187/decor-zen-glass-silicone-bottle-600ml-assorted
219164,Quokka Thermal Stainless Steel Food Jar Assorted 604ml,$30.00,,/shop/productdetails/219164/hot-topic-quokka-thermal-stainless-steel-food-jar-assorted
1073842238,Stasher 'Stand Up' Reusable Silicone Food Bag 1.66L - Clear,$55.00,,/shop/productdetails/1073842238/stasher-stand-up-reusable-silicone-food-bag-1-66l-clear
1073842235,Stasher 'Stand Up' Reusable Silicone Food Bag 828ml - Aqua,$50.00,,/shop/productdetails/1073842235/stasher-stand-up-reusable-silicone-food-bag-828ml-aqua
1073983128,Un Chi Crispy Fish Skin Chips Laver Flavour 100g X 4Pack,$27.69,$6.92 / 100G,/shop/productdetails/1073983128/un-chi-crispy-fish-skin-chips-laver-flavour-100g-x-4pack
156849,Decor Go Triple Split Bento Box Assorted Each,$14.00,,/shop/productdetails/156849/decor-go-triple-split-bento-box-assorted
219793,Decor Insulated Double Wall Two Tone Stainless Steel Assorted 600ml,$22.00,,/shop/productdetails/219793/decor-insulated-double-wall-two-tone-stainless-steel-assorted
1073842240,Stasher 'Half Gallon' Reusable Silicone Food Bag 1.92L - Aqua,$55.00,,/shop/productdetails/1073842240/stasher-half-gallon-reusable-silicone-food-bag-1-92l-aqua
118675,Camelbak Eddy Stainless Steel Bottle Assorted Each,N/A,N/A,/shop/productdetails/118675/camelbak-eddy-stainless-steel-bottle-assorted
1073815100,Smash Insulated Tote Bag - Designs may vary,$29.00,,/shop/productdetails/1073815100/smash-insulated-tote-bag-designs-may-vary
1073842221,Stasher 'Sandwich' Reusable Silicone Food Bag 450ml - Raspberry,$33.00,,/shop/productdetails/1073842221/stasher-sandwich-reusable-silicone-food-bag-450ml-raspberry
446306,Camelbak The Eddy Bottle Assorted 600ml Each,$20.00,,/shop/productdetails/446306/camelbak-the-eddy-bottle-assorted
1073842292,"Progressive Grate, Slice & Store 7pc Set",$48.00,,/shop/productdetails/1073842292/progressive-grate-slice-store-7pc-set
1073842225,Stasher 'Sandwich' Reusable Silicone Food Bag 450ml - Aqua,$36.00,,/shop/productdetails/1073842225/stasher-sandwich-reusable-silicone-food-bag-450ml-aqua
1073971930,Cheeki Insulated Adventure Water Bottle Aqua 1L,$49.95,,/shop/productdetails/1073971930/cheeki-insulated-adventure-water-bottle-aqua-1l
1073842241,Stasher 'Snack' Reusable Silicone Food Bag 293ml - Aqua,$33.00,,/shop/productdetails/1073842241/stasher-snack-reusable-silicone-food-bag-293ml-aqua
756242,Woolworths Red Seedless Grapes 400g,N/A,N/A,/shop/productdetails/756242/woolworths-red-seedless-grapes
1073944488,Boulder Canyon Malt Vinegar & Sea Salt 142g 2pack,$15.00,$5.28 / 100G,/shop/productdetails/1073944488/boulder-canyon-malt-vinegar-sea-salt-142g-2pack
1073971929,Cheeki Insulated Adventure Water Bottle Slate 1L,$49.95,,/shop/productdetails/1073971929/cheeki-insulated-adventure-water-bottle-slate-1l
1073842239,Stasher 'Half Gallon' Reusable Silicone Food Bag 1.92L - Clear,$55.00,,/shop/productdetails/1073842239/stasher-half-gallon-reusable-silicone-food-bag-1-92l-clear
1073890239,Food to Nourish Berrylicious Sprouted Snack Box 45g 12pack,$54.00,$10.00 / 100G,/shop/productdetails/1073890239/food-to-nourish-berrylicious-sprouted-snack-box-45g-12pack
1073842231,Stasher 'Snack' Reusable Silicone Food Bag 293ml - Clear,$34.00,,/shop/productdetails/1073842231/stasher-snack-reusable-silicone-food-bag-293ml-clear
217199,Tritan Treadz Large Bottle Assorted 710ml,$20.00,,/shop/productdetails/217199/hot-topic-tritan-treadz-large-bottle-assorted
219272,Quokka Thermal Stainless Steel Food Jar 369ml,$26.00,,/shop/productdetails/219272/hot-topic-quokka-thermal-stainless-steel-food-jar
1073842244,Stasher 'Stand Up' Reusable Silicone Food Bag 1.66L - Aqua,$55.00,,/shop/productdetails/1073842244/stasher-stand-up-reusable-silicone-food-bag-1-66l-aqua
1073865367,Cheeki 'Thirsty Max' Water Bottle Teal 1.6L,$39.95,,/shop/productdetails/1073865367/cheeki-thirsty-max-water-bottle-teal-1-6l
1073971931,Cheeki Insulated Adventure Water Bottle Aqua 1L,$49.95,,/shop/productdetails/1073971931/cheeki-insulated-adventure-water-bottle-aqua-1l
111444,Decor Go 2 In 1 Expandable Insulated Cooler Assorted Each,$16.50,,/shop/productdetails/111444/decor-go-2-in-1-expandable-insulated-cooler-assorted
112915,Decor Hydro Double Wall Soft Touch Stainless Steel Assorted 750ml,$21.00,,/shop/productdetails/112915/decor-hydro-double-wall-soft-touch-stainless-steel-assorted
119032,Decor Insulated Double Wall Adventurer Bottle Assorted 1.2l,$32.00,,/shop/productdetails/119032/decor-insulated-double-wall-adventurer-bottle-assorted
155850,Decor Insulated Double Wall Screw Top Bottle 1l Assorted Each,$31.00,,/shop/productdetails/155850/decor-insulated-double-wall-screw-top-bottle-1l-assorted
1073842250,Stasher 'Pocket' Set of 2 Silicone Food Bags 22ml - Clear and Aqua,$40.00,,/shop/productdetails/1073842250/stasher-pocket-set-of-2-silicone-food-bags-22ml-clear-and-aqua
118534,Cool Gear Pop Lights Bottle Assorted 473ml,$20.00,,/shop/productdetails/118534/cool-gear-pop-lights-bottle-assorted
219107,Quokka Food Jar With Silicone Cover Assorted 500ml,$22.00,,/shop/productdetails/219107/hot-topic-quokka-food-jar-with-silicone-cover-assorted
1073842057,Soma Water Bottle Glass 500ml - White,$46.00,,/shop/productdetails/1073842057/soma-water-bottle-glass-500ml-white
1073842234,Stasher 'Stand Up' Reusable Silicone Food Bag 3.07L - Aqua,$75.00,,/shop/productdetails/1073842234/stasher-stand-up-reusable-silicone-food-bag-3-07l-aqua
1073898430,BSc Body Science Collagen Protein Bar 60g Choc Coconut Box,$37.80,,/shop/productdetails/1073898430/bsc-body-science-collagen-protein-bar-60g-choc-coconut-box
1073865402,Cheeki Insulated Jungle Tumbler 500ml,$44.95,,/shop/productdetails/1073865402/cheeki-insulated-jungle-tumbler-500ml
1073865360,Cheeki Stainless Steel Water Bottle Black 1L,$34.95,,/shop/productdetails/1073865360/cheeki-stainless-steel-water-bottle-black-1l
1073840484,Healthy Choice Vacuum Bag Roll 20cm 2PK,$27.00,$13.50 / 1EA,/shop/productdetails/1073840484/healthy-choice-vacuum-bag-roll-20cm-2pk
219273,Hot Topic Stainless Steel Bottle Mini Mouse 577ml,$15.00,$15.00 / 1EA,/shop/productdetails/219273/hot-topic-stainless-steel-bottle-mini-mouse
1073944475,Keto Naturals Crispy Cauli Barbecue Bites 27g 2pack,$10.00,$18.52 / 100G,/shop/productdetails/1073944475/keto-naturals-crispy-cauli-barbecue-bites-27g-2pack
1073944476,Keto Naturals Crispy Cauli Garlic & Herb Bites 27g 2pack,$10.00,$18.52 / 100G,/shop/productdetails/1073944476/keto-naturals-crispy-cauli-garlic-herb-bites-27g-2pack
1073923811,Lemon And Lime Glass Water Bottle 1L 32.5cm X 8cm,$13.60,,/shop/productdetails/1073923811/lemon-and-lime-glass-water-bottle-1l-32-5cm-x-8cm
1073923678,Zefal Junior Water Bottle Little Z Girl Pink 350ml,$15.30,,/shop/productdetails/1073923678/zefal-junior-water-bottle-little-z-girl-pink-350ml
1073923770,Adidas Performance Water Bottle - Red 600ml,$21.25,,/shop/productdetails/1073923770/adidas-performance-water-bottle-red-600ml
163977,Camelbak Eddy Insulated Tritan 600ml Assorted Each,$32.00,,/shop/productdetails/163977/camelbak-eddy-insulated-tritan-600ml-assorted
1073911128,Charlie's Fine Foods Charlie's Bundle Melting Moments Biscuits 180g X 2 Packs,$20.00,$5.56 / 100G,/shop/productdetails/1073911128/charlie-s-fine-foods-charlie-s-bundle-melting-moments-biscuits-180g-x-2-packs
1073865356,Cheeki Insulated Coffee Mug Chocolate 450ml,$44.95,,/shop/productdetails/1073865356/cheeki-insulated-coffee-mug-chocolate-450ml
1073971935,Cheeki Insulated Kids Water Bottle Unicorn 400ml,$39.95,,/shop/productdetails/1073971935/cheeki-insulated-kids-water-bottle-unicorn-400ml
160219,Decor Flip Active Insulated Double Wall Flask 1.1l Assorted Each,$32.00,,/shop/productdetails/160219/decor-flip-active-insulated-double-wall-flask-1-1l-assorted
155961,Decor Insulated Double Wall Serenity Bottle 460ml Assorted Each,$25.00,$25.00 / 1EA,/shop/productdetails/155961/decor-insulated-double-wall-serenity-bottle-460ml-assorted
1073842435,Packit 'Mod' Lunch Bento Box - Steel Gray,$39.00,,/shop/productdetails/1073842435/packit-mod-lunch-bento-box-steel-gray
1073950237,Packit Freezable Lunch Bag - Grid,$44.00,,/shop/productdetails/1073950237/packit-freezable-lunch-bag-grid
1073923840,Philips Go Zero Daily Straw Filtration Bottle - Grey 680ml,$34.85,,/shop/productdetails/1073923840/philips-go-zero-daily-straw-filtration-bottle-grey-680ml
218381,Quokka Food Jar With Silicone Cover Assorted 820ml,$26.00,,/shop/productdetails/218381/quokka-food-jar-with-silicone-cover-assorted
1073842037,Soma Glass Carafe with Water Filter 1.4L - White,$100.00,,/shop/productdetails/1073842037/soma-glass-carafe-with-water-filter-1-4l-white
1073842236,Stasher 'Snack' Reusable Silicone Food Bag 293ml - Hibiscus,$32.00,,/shop/productdetails/1073842236/stasher-snack-reusable-silicone-food-bag-293ml-hibiscus
1073983131,Un Chi Crispy Fish Skin Chips Original Flavour 100g X 4Pack,$28.99,$7.25 / 100G,/shop/productdetails/1073983131/un-chi-crispy-fish-skin-chips-original-flavour-100g-x-4pack
1073923677,Zefal Water Bottle Insulated Arctica 75 Blue 750ml,$29.75,,/shop/productdetails/1073923677/zefal-water-bottle-insulated-arctica-75-blue-750ml
1073971933,400ml Insulated Little Adventurer Bottle - Fairy,$31.95,,/shop/productdetails/1073971933/400ml-insulated-little-adventurer-bottle-fairy
646143,Camelbak Podium Chill Bottle 600ml Each,$20.00,,/shop/productdetails/646143/camelbak-podium-chill-bottle-600ml
1073865355,Cheeki 'Thirsty Max' Stainless Steel Water Bottle 1.6 Litres Silver,$39.95,$39.95 / 1EA,/shop/productdetails/1073865355/cheeki-thirsty-max-stainless-steel-water-bottle-1-6-litres-silver
1073865377,Cheeki Classic Insulated Bottle Pink 600ml,$39.95,,/shop/productdetails/1073865377/cheeki-classic-insulated-bottle-pink-600ml
1073865373,Cheeki Insulated Coffee Mug Pink 350ml,$34.36,,/shop/productdetails/1073865373/cheeki-insulated-coffee-mug-pink-350ml
1073971934,Cheeki Insulated Kids Water Bottle Ladybug 400ml,$31.95,,/shop/productdetails/1073971934/cheeki-insulated-kids-water-bottle-ladybug-400ml
1073971937,Cheeki Insulated Kids Water Bottle Sharks 400ml,$39.95,,/shop/productdetails/1073971937/cheeki-insulated-kids-water-bottle-sharks-400ml
1073971932,Cheeki Insulated Water Bottle Dinosaur 400ml,$31.95,,/shop/productdetails/1073971932/cheeki-insulated-water-bottle-dinosaur-400ml
1073865383,Cheeki Insulated Water Bottle Pistachio White 400ml,$26.00,,/shop/productdetails/1073865383/cheeki-insulated-water-bottle-pistachio-white-400ml
1073865364,Cheeki Insulated Water Bottle Silver 1L,$46.95,,/shop/productdetails/1073865364/cheeki-insulated-water-bottle-silver-1l
1073865403,Cheeki Insulated Water Bottle Watercolour 600ml,$44.95,,/shop/productdetails/1073865403/cheeki-insulated-water-bottle-watercolour-600ml
1073865365,Cheeki Lunch Box Double Stack 1.2L,$46.95,,/shop/productdetails/1073865365/cheeki-lunch-box-double-stack-1-2l
1073865362,Cheeki Stainless Steel Water Bottle Pistachio 1L,$34.95,,/shop/productdetails/1073865362/cheeki-stainless-steel-water-bottle-pistachio-1l
216852,Decor Design Your Own Bento Box Compartment Lunch Box Each,$26.00,,/shop/productdetails/216852/decor-design-your-own-bento-box-compartment-lunch-box
119035,Decor Go Triple Split Bento Box Assorted 1.4l,N/A,N/A,/shop/productdetails/119035/decor-go-triple-split-bento-box-assorted
220442,Decor Insulated Double Wall Snap N Seal Bottle Assorted 400ml,$18.00,,/shop/productdetails/220442/decor-insulated-double-wall-snap-n-seal-bottle-assorted
1073903604,Enviro Products Drink Bottle Eastar Bpa Free Turquoise Frosted 2.2L,$19.95,,/shop/productdetails/1073903604/enviro-products-drink-bottle-eastar-bpa-free-turquoise-frosted-2-2l
1073797758,Ever Eco Reusable Produce Bags Recycled Polyester Mesh 1 Pack,$19.95,$19.95 / 1EA,/shop/productdetails/1073797758/ever-eco-reusable-produce-bags-recycled-polyester-mesh-1-pack
1073840480,Healthy Choice Vacuum Bag Roll 28cm 2PK,$27.00,$13.50 / 1EA,/shop/productdetails/1073840480/healthy-choice-vacuum-bag-roll-28cm-2pk
219566,Hot Topic Stainless Steel Bottle Batman 577ml,$15.00,,/shop/productdetails/219566/hot-topic-stainless-steel-bottle-batman
219728,Hot Topic Stainless Steel Bottle Bluey 577ml,$15.00,$15.00 / 1EA,/shop/productdetails/219728/hot-topic-stainless-steel-bottle-bluey
219233,Hot Topic Stainless Steel Paw Patrol Bottle 577ml,$15.00,$15.00 / 1EA,/shop/productdetails/219233/hot-topic-stainless-steel-paw-patrol-bottle
1073842428,Kambukka 'Etna' Insulated Travel Mug with 3in1 Snapclean Lid 500ml Jungle Sunrise with Bonus Screw Top Lid,$54.00,,/shop/productdetails/1073842428/kambukka-etna-insulated-travel-mug-with-3in1-snapclean-lid-500ml-jungle-sunrise-with-bonus-screw-top-lid
1073944477,Keto Naturals Crispy Cauli Sea Salted Bites 27g 2pack,$10.00,$18.52 / 100G,/shop/productdetails/1073944477/keto-naturals-crispy-cauli-sea-salted-bites-27g-2pack
1073923817,Lemon And Lime Glass Water Bottle 1L 28cm X 9cm,$12.75,,/shop/productdetails/1073923817/lemon-and-lime-glass-water-bottle-1l-28cm-x-9cm
1073842466,Packit 'Mod' Snack Bento Box - Mint,$34.00,,/shop/productdetails/1073842466/packit-mod-snack-bento-box-mint
1073842467,Packit 'Mod; Snack Bento Box - Steel Gray,$34.00,,/shop/productdetails/1073842467/packit-mod-snack-bento-box-steel-gray
1073950243,Packit Freezable Hampton Lunch Bag - Grid,$46.00,,/shop/productdetails/1073950243/packit-freezable-hampton-lunch-bag-grid
1073950240,Packit Freezable Lunch Bag - Arctic Camo,$44.00,,/shop/productdetails/1073950240/packit-freezable-lunch-bag-arctic-camo
1073842203,Packit Freezable Lunch Bag - Black,$43.00,,/shop/productdetails/1073842203/packit-freezable-lunch-bag-black
1073950238,Packit Freezable Lunch Bag - Mulberry,$44.00,,/shop/productdetails/1073950238/packit-freezable-lunch-bag-mulberry
1073923862,Philips Go Zero Daily Insulated Filtration Bottle - Stainless Steel Grey 550ml,$47.60,,/shop/productdetails/1073923862/philips-go-zero-daily-insulated-filtration-bottle-stainless-steel-grey-550ml
1073923842,Philips Go Zero Daily Straw Filtration Bottle - Pink 680ml,$37.40,,/shop/productdetails/1073923842/philips-go-zero-daily-straw-filtration-bottle-pink-680ml
1073963973,Philips GoZero Daily straw,$32.99,,/shop/productdetails/1073963973/philips-gozero-daily-straw
1073923859,Philips GoZero Magic Hydration Bottle w/ Cup Grey 400+300ml 2 in 1,$56.95,,/shop/productdetails/1073923859/philips-gozero-magic-hydration-bottle-w-cup-grey-400-300ml-2-in-1
1073963977,Philips GoZero Magic bottle White (500ML),$44.99,,/shop/productdetails/1073963977/philips-gozero-magic-bottle-white-500ml-
1073944651,Prince Lionheart Bentomal To Go Elephant Bento Set 3pc,$37.00,,/shop/productdetails/1073944651/prince-lionheart-bentomal-to-go-elephant-bento-set-3pc
1073944652,Prince Lionheart Bentomal To Go Pig Bento Set 3pc,$37.00,,/shop/productdetails/1073944652/prince-lionheart-bentomal-to-go-pig-bento-set-3pc
1073842253,"Progressive ""Cherry-it"" Cherry/Olive Pitter",$35.00,,/shop/productdetails/1073842253/progressive-cherry-it-cherry-olive-pitter
1073842290,Progressive Dice and Slice Chopper,$100.00,,/shop/productdetails/1073842290/progressive-dice-and-slice-chopper
1073842214,Stasher 'Snack' Reusable Silicone Food Bag 293ml - Aqua,$32.00,,/shop/productdetails/1073842214/stasher-snack-reusable-silicone-food-bag-293ml-aqua
1073923579,Zefal Water Bottle Insulated Arctica 55 - Red 550ml,$20.40,,/shop/productdetails/1073923579/zefal-water-bottle-insulated-arctica-55-red-550ml
1073923554,Zefal Water Bottle Insulated Arctica 55- White 550ml,$24.65,,/shop/productdetails/1073923554/zefal-water-bottle-insulated-arctica-55-white-550ml
1073923708,Zefal Water Bottle Magnum Pro White 975ml,$24.65,,/shop/productdetails/1073923708/zefal-water-bottle-magnum-pro-white-975ml
1073923643,Zefal Water Bottle Sense M65 Bottle - Neon Yellow 650ml,$16.15,,/shop/productdetails/1073923643/zefal-water-bottle-sense-m65-bottle-neon-yellow-650ml
1073923628,Zefal Water Bottle Sense M65- Black 650ml,$16.15,,/shop/productdetails/1073923628/zefal-water-bottle-sense-m65-black-650ml
1073923635,Zefal Water Bottle Sense M65- Translucent 650ml,$16.15,,/shop/productdetails/1073923635/zefal-water-bottle-sense-m65-translucent-650ml
1073923657,Zefal Water Bottle Sense M80 - Translucent 800ml,$17.85,,/shop/productdetails/1073923657/zefal-water-bottle-sense-m80-translucent-800ml
1073923667,Zefal Water Bottle Sense M80- Cyan Blue 800ml,$17.00,,/shop/productdetails/1073923667/zefal-water-bottle-sense-m80-cyan-blue-800ml
1073865380,Cheeki Chiller 1.9L Insulated Bottle - Black,$69.95,,/shop/productdetails/1073865380/cheeki-chiller-1-9l-insulated-bottle-black
1073865358,Cheeki Classic Insulated Bottle Orange 400ml,$26.00,,/shop/productdetails/1073865358/cheeki-classic-insulated-bottle-orange-400ml
1073865375,Cheeki Classic Insulated Bottle Topaz 1L,$46.95,,/shop/productdetails/1073865375/cheeki-classic-insulated-bottle-topaz-1l
1073865357,Cheeki Classic Single Wall Stainless Steel Bottle Silver 1L,$34.95,,/shop/productdetails/1073865357/cheeki-classic-single-wall-stainless-steel-bottle-silver-1l
1073865399,Cheeki Essential Lunch Box 1L,$27.95,,/shop/productdetails/1073865399/cheeki-essential-lunch-box-1l
1073865397,Cheeki Insulated Coffee Mug Leopard 350ml,$44.95,,/shop/productdetails/1073865397/cheeki-insulated-coffee-mug-leopard-350ml
1073865368,Cheeki Insulated Tumbler Ocean 500ml,$34.95,,/shop/productdetails/1073865368/cheeki-insulated-tumbler-ocean-500ml
1073865400,Cheeki Insulated Water Bottle Champagne 1L,$46.95,,/shop/productdetails/1073865400/cheeki-insulated-water-bottle-champagne-1l
1073865359,Cheeki Insulated Water Bottle Champagne 600ml,$39.95,,/shop/productdetails/1073865359/cheeki-insulated-water-bottle-champagne-600ml
1073865366,Cheeki Lunch Box Hungry Max 1.2L,$39.95,,/shop/productdetails/1073865366/cheeki-lunch-box-hungry-max-1-2l
1073950242,Packit Freezable Hampton Lunch Bag - Mulberry,$46.00,,/shop/productdetails/1073950242/packit-freezable-hampton-lunch-bag-mulberry
1073950239,Packit Freezable Lunch Bag - Pink Camo,$44.00,,/shop/productdetails/1073950239/packit-freezable-lunch-bag-pink-camo
1073950225,Packit Freezable Zuma Bag - Charcoal,$54.00,,/shop/productdetails/1073950225/packit-freezable-zuma-bag-charcoal
1073950223,Packit Freezable Zuma Bag - Lemonade,$54.00,,/shop/productdetails/1073950223/packit-freezable-zuma-bag-lemonade
1073950227,Packit Freezable Zuma Bag - Mint,$54.00,,/shop/productdetails/1073950227/packit-freezable-zuma-bag-mint
1073923861,Philips GoZero Magic Hydration Bottle. w/ Cup White 400+300ml 2 in 1,$56.95,,/shop/productdetails/1073923861/philips-gozero-magic-hydration-bottle-w-cup-white-400-300ml-2-in-1
1073963975,Philips GoZero Magic bottle Gray,$44.99,,/shop/productdetails/1073963975/philips-gozero-magic-bottle-gray
1073963976,Philips GoZero Magic bottle Purple (500 ML),$44.99,,/shop/productdetails/1073963976/philips-gozero-magic-bottle-purple-500-ml-
1073842271,Progressive Chopping Mats Set of 6,$33.00,,/shop/productdetails/1073842271/progressive-chopping-mats-set-of-6
1073842260,Progressive Dual Speed Chop & Whip,$70.00,,/shop/productdetails/1073842260/progressive-dual-speed-chop-whip
1073842258,Progressive Hand Held Adjustable Julienne & Slicer,$56.00,,/shop/productdetails/1073842258/progressive-hand-held-adjustable-julienne-slicer
288628,Thirst Trap Spring Water Cans 500ml X 4 Pack,$7.50,$3.75 / 1L,/shop/productdetails/288628/h2coco-pty-ltd-thirst-trap-spring-water-cans
1073983122,Un Chi Crispy Fish Skin Chips Mustard flavor 100g X4Pack,$28.99,$7.25 / 100G,/shop/productdetails/1073983122/un-chi-crispy-fish-skin-chips-mustard-flavor-100g-x4pack
1073923563,Zefal Water Bottle Insulated Arctica 55 Bottle - Blue 550ml,$27.20,,/shop/productdetails/1073923563/zefal-water-bottle-insulated-arctica-55-bottle-blue-550ml
1073923574,Zefal Water Bottle Insulated Arctica 55 Bottle - Green 550ml,$23.80,,/shop/productdetails/1073923574/zefal-water-bottle-insulated-arctica-55-bottle-green-550ml
1073923662,Zefal Water Bottle Sense M80- Neon Yellow 800ml,$17.85,,/shop/productdetails/1073923662/zefal-water-bottle-sense-m80-neon-yellow-800ml
1073923594,Zefal Water Bottle Sense Pro 65 Smoked Black 650ml,$22.10,,/shop/productdetails/1073923594/zefal-water-bottle-sense-pro-65-smoked-black-650ml
1073923588,Zefal Water Bottle Sense Pro 65 Translucent 650ml,$22.10,,/shop/productdetails/1073923588/zefal-water-bottle-sense-pro-65-translucent-650ml
1073923608,Zefal Water Bottle Sense Pro 80 Smoked Black 800ml,$22.95,,/shop/productdetails/1073923608/zefal-water-bottle-sense-pro-80-smoked-black-800ml
1073923600,Zefal Water Bottle Sense Pro 80 Translucent 800ml,$22.95,,/shop/productdetails/1073923600/zefal-water-bottle-sense-pro-80-translucent-800ml
