84590,Sunsol Pro-biotic Almond & Manuka Honey Toasted Muesli 400g,$7.00 ,$1.75 / 100G,/shop/productdetails/84590/sunsol-pro-biotic-almond-manuka-honey-toasted-muesli
245394,Woolworths Peach In Mango Flavoured Jelly 4 Pack,$2.20 ,$4.58 / 1KG,/shop/productdetails/245394/woolworths-peach-in-mango-flavoured-jelly
758299,Dolmio Extra Spicy Peppers Tomato Pasta Sauce 500g,$3.50 ,$0.70 / 100G,/shop/productdetails/758299/dolmio-extra-spicy-peppers-tomato-pasta-sauce
41853,Twinings English Breakfast Loose Leaf Tea 125g,$6.50 ,$5.20 / 100G,/shop/productdetails/41853/twinings-english-breakfast-loose-leaf-tea
332567,Yeo's Drink Lychee 300ml,$1.25 ,$4.17 / 1L,/shop/productdetails/332567/yeo-s-drink-lychee
34565,Sacla Pesto Classic Green 190g,$5.90 ,$3.11 / 100G,/shop/productdetails/34565/sacla-pesto-classic-green
254421,Woolworths Passionfruit Pulp Canned 170g,$1.09 ,$6.41 / 1KG,/shop/productdetails/254421/woolworths-passionfruit-pulp-canned
758447,Dolmio Creamy Carbonara Pasta Sauce 490g,$3.50 ,$0.71 / 100G,/shop/productdetails/758447/dolmio-creamy-carbonara-pasta-sauce
787707,Sandhurst Semi Dried Tomato Strips 125g,$4.80 ,$38.40 / 1KG,/shop/productdetails/787707/sandhurst-semi-dried-tomato-strips-sundried-strips
97730,Valcom Canned Bamboo Shoots Sliced 225g,$1.40 ,$6.22 / 1KG,/shop/productdetails/97730/valcom-canned-bamboo-shoots-sliced
250992,Woolworths Cayenne Pepper 30g,N/A,N/A,/shop/productdetails/250992/woolworths-cayenne-pepper
144784,Woolworths Fresh Parsley Bunch,$3.20 ,$3.20 / 1EA,/shop/productdetails/144784/woolworths-fresh-parsley
178262,Annalisa Chickpeas 400g,$1.90 ,$0.48 / 100G,/shop/productdetails/178262/annalisa-chickpeas
78921,Barilla Basilico Pasta Sauce 400g,$4.60 ,$1.15 / 100G,/shop/productdetails/78921/barilla-basilico-pasta-sauce-basilico-tomato-basil
758809,Spc Baked Beans Rich Tomato Salt Reduced 220g X 4 Pack,$6.00 ,$0.68 / 100G,/shop/productdetails/758809/spc-baked-beans-rich-tomato-salt-reduced
535605,Woolworths Wholemeal Plain Flour 1kg,$2.00 ,$2.00 / 1KG,/shop/productdetails/535605/woolworths-wholemeal-plain-flour
450832,"Leggo's Pasta Sauce Carbonara Fresh Cream, Onion & Cheese 490g",$4.30 ,$0.88 / 100G,/shop/productdetails/450832/leggo-s-pasta-sauce-carbonara-fresh-cream-onion-cheese
678536,Maggie Beer Natural Beef Stock 500ml,$5.50 ,$1.10 / 100ML,/shop/productdetails/678536/maggie-beer-natural-beef-stock
75979,Nerada Tea Bags 200 Pack 400g,$6.00 ,$0.03 / 1EA,/shop/productdetails/75979/nerada-tea-bags
206404,Sanitarium Up & Go Protein Energize Strawberry Breakfast Drink 6 Pack,$10.50 ,$7.00 / 1L,/shop/productdetails/206404/sanitarium-up-go-protein-energize-strawberry-breakfast-drink
112080,Csr White Sugar Cubes 450g,$4.90 ,$1.09 / 100G,/shop/productdetails/112080/csr-white-sugar-cubes
128211,Deep Cove Red Salmon 105g,$3.70 ,$35.24 / 1KG,/shop/productdetails/128211/deep-cove-red-salmon
109275,Meiji Yan Yan Snacks Chocolate 50g,$2.10 ,$4.20 / 100G,/shop/productdetails/109275/meiji-yan-yan-snacks-chocolate
58611,Mitani Chicken Salt 200g,$3.40 ,$0.17 / 10G,/shop/productdetails/58611/mitani-chicken-salt
147314,Nutella Hazelnut Chocolate Spread 750g,$9.75 ,$1.30 / 100G,/shop/productdetails/147314/nutella-hazelnut-chocolate-spread-spread
8254,Sunrice Brown Rice Medium Grain 2kg,$7.70 ,$0.39 / 100G,/shop/productdetails/8254/sunrice-brown-rice-medium-grain
94250,Edgell Peas & Carrots 420g,$2.50 ,$5.95 / 1KG,/shop/productdetails/94250/edgell-peas-carrots-peas-carrots
750524,Heinz Soup Of The Day Spicy Pumpkin Soup Pouch 430g,$4.50 ,$1.05 / 100G,/shop/productdetails/750524/heinz-soup-of-the-day-spicy-pumpkin-soup-pouch
251001,Woolworths Cinnamon Sugar 60g,$1.65 ,$0.28 / 10G,/shop/productdetails/251001/woolworths-cinnamon-sugar
115013,Leggo's Tomato Paste No Added Salt Triple Concentrate Sachets 4x50g,$3.00 ,$1.50 / 100G,/shop/productdetails/115013/leggo-s-tomato-paste-no-added-salt-triple-concentrate-sachets
64364,Kikkoman Gf Sushi Teriyaki Sauce 200ml,$4.60 ,$2.30 / 100ML,/shop/productdetails/64364/kikkoman-gf-sushi-teriyaki-sauce
129035,Woolworths Smoked Sprats In Oil 120g,$3.00 ,$25.00 / 1KG,/shop/productdetails/129035/woolworths-smoked-sprats-in-oil
257303,Woolworths Vinegar Balsamic White 250ml,$3.00 ,$1.20 / 100ML,/shop/productdetails/257303/woolworths-vinegar-balsamic-white
820275,Campbell's Bone Broth Free Range Chicken 500ml,$7.00 ,$1.40 / 100ML,/shop/productdetails/820275/campbell-s-bone-broth-free-range-chicken
37831,Vittoria Espresso Ground Coffee 200g,$10.00 ,$5.00 / 100G,/shop/productdetails/37831/vittoria-espresso-ground-coffee
37831,Vittoria Espresso Ground Coffee 200g,$10.00 ,$5.00 / 100G,/shop/productdetails/37831/vittoria-espresso-ground-coffee
250979,Woolworths All Spice Ground 30g,$2.10 ,$0.70 / 10G,/shop/productdetails/250979/woolworths-all-spice-ground
948517,Hershey's Caramel Syrup 623g,$6.00 ,$0.96 / 100G,/shop/productdetails/948517/hersheys-caramel-syrup
700640,Macro Organic Red Kidney Beans 425g,$1.50 ,$0.35 / 100G,/shop/productdetails/700640/macro-organic-red-kidney-beans
172100,Masterfoods Stir Fry Recipe Base Creamy Thai Chicken 175g,$2.80 ,$1.60 / 100G,/shop/productdetails/172100/masterfoods-stir-fry-recipe-base-creamy-thai-chicken
356772,Mission Corn Chips Deli Round 500g,$6.60 ,$1.32 / 100G,/shop/productdetails/356772/mission-corn-chips-deli-round
208575,Moccona Freeze Dried Instant Coffee Classic Medium Roast 400g,$28.00 ,$7.00 / 100G,/shop/productdetails/208575/moccona-freeze-dried-instant-coffee-classic-medium-roast
231636,Sunrice Basmati Rice 1kg,$5.20 ,$0.52 / 100G,/shop/productdetails/231636/sunrice-basmati-rice
292592,Cottee's Raspberry Jam 375g,$2.80 ,$0.75 / 100G,/shop/productdetails/292592/cottee-s-raspberry-jam
318710,Essentials Ice Cream Cone Cups 24 Pack,$2.00 ,$2.00 / 100G,/shop/productdetails/318710/essentials-ice-cream-cone-cups
181061,Slush Puppie Strawberry Flavoured 250ml,$3.50 ,$1.40 / 100ML,/shop/productdetails/181061/slush-puppie-strawberry-flavoured
293237,White Wings Cornflour 300g,$2.95 ,$9.83 / 1KG,/shop/productdetails/293237/white-wings-cornflour
732195,Edgell Brown Lentils 400g,$1.70 ,$0.43 / 100G,/shop/productdetails/732195/edgell-brown-lentils
362224,Jacobs Snacks Original Twiglets 45g,$2.30 ,$5.11 / 100G,/shop/productdetails/362224/jacobs-snacks-original-twiglets
364435,Kewpie Japanese Mayonnaise 500g,$8.00 ,$1.60 / 100G,/shop/productdetails/364435/kewpie-japanese-mayonnaise
340189,Three Threes Bbq Rib Sauce 275ml,$3.30 ,$1.20 / 100ML,/shop/productdetails/340189/three-threes-bbq-rib-sauce
170894,Maggie Beer Natural Free Range Chicken Bone Broth 500ml,$6.20 ,$1.24 / 100ML,/shop/productdetails/170894/maggie-beer-natural-free-range-chicken-bone-broth
200784,San Remo La Pasta Carbonara Single Snack 80g,$1.40 ,$1.75 / 100G,/shop/productdetails/200784/san-remo-la-pasta-carbonara-single-snack
825616,Woolworths Chicken Satay With Jasmine Rice 350g,$4.00 ,$1.14 / 100G,/shop/productdetails/825616/woolworths-chicken-satay-with-jasmine-rice
97011,Angas Park Prunes Pitted Resealable 500g,$8.50 ,$17.00 / 1KG,/shop/productdetails/97011/angas-park-prunes-pitted-resealable
92228,Guzzi's Tricolore Tagliatelle 375g,$5.65 ,$1.51 / 100G,/shop/productdetails/92228/guzzi-s-tricolore-tagliatelle
297000,Macro Organic Coconut Cream 400ml,$2.35 ,$0.59 / 100ML,/shop/productdetails/297000/macro-organic-coconut-cream
231887,Old El Paso Taco Spice Mix Lime & Jalapeno 30g,$2.40 ,$8.00 / 100G,/shop/productdetails/231887/old-el-paso-taco-spice-mix-lime-jalapeno
34676,Golden Circle Australian Canned Fruit Tinned Pineapple Pieces In Juice 440g,$4.40 ,$10.00 / 1KG,/shop/productdetails/34676/golden-circle-australian-canned-fruit-tinned-pineapple-pieces-in-juice
377119,Sweet Baby Ray's Bbq Sauce 425ml,$6.90 ,$1.62 / 100ML,/shop/productdetails/377119/sweet-baby-ray-s-bbq-sauce
96730,White Wings Pancake Mix Original Shaker 350g,$2.50 ,$0.71 / 100G,/shop/productdetails/96730/white-wings-pancake-mix-original-shaker
230946,Continental Classics Pasta & Sauce Creamy Bacon Carbonara Serves 2 85g,$2.80 ,$3.29 / 100G,/shop/productdetails/230946/continental-classics-pasta-sauce-creamy-bacon-carbonara-serves-2
325130,Gourmet Garden Paste Thai 80g Tube,N/A,N/A,/shop/productdetails/325130/gourmet-garden-paste-thai
790377,Kewpie Mayonnaise Wasabi Flavour 300g,$5.50 ,$1.83 / 100G,/shop/productdetails/790377/kewpie-mayonnaise-wasabi-flavour
250962,Leggos Passata Sauce Italian Herbs 700g,$4.00 ,$0.57 / 100G,/shop/productdetails/250962/leggo-s-passata-sauce-italian-herbs
669962,Woolworths Apple Puree In Pouch 90g,$0.95 ,$10.56 / 1KG,/shop/productdetails/669962/woolworths-apple-puree-in-pouch
179175,Zooper Dooper Ice Blocks Lemonade 24 X 70ml,$6.50 ,$0.39 / 100ML,/shop/productdetails/179175/zooper-dooper-ice-blocks-lemonade
64129,Australian Organic Food Co Classic Tomato Passata 500g,$3.95 ,$0.79 / 100G,/shop/productdetails/64129/australian-organic-food-co-classic-tomato-passata
841337,Dole Premium Crushed Pineapple 432g,$2.50 ,$5.79 / 1KG,/shop/productdetails/841337/dole-premium-crushed-pineapple
588066,Mckenzie's Red Lentils 1kg,$4.80 ,$0.48 / 100G,/shop/productdetails/588066/mckenzie-s-red-lentils
829332,Vittoria Espressotoria Italian Coffee Capsules 12 Pack,$6.00 ,$0.50 / 1EA,/shop/productdetails/829332/vittoria-espressotoria-italian-coffee-capsules
250997,Woolworths Chives Chopped 2g,$2.20 ,$11.00 / 10G,/shop/productdetails/250997/woolworths-chives-chopped
237378,Your Condiment Co. Dijon Mustard 200g,$2.90 ,$1.45 / 100G,/shop/productdetails/237378/your-condiment-co-your-condiment-co-dijon-mustard
251122,Woolworths Seasoning Moroccan 52g,$2.70 ,$0.52 / 10G,/shop/productdetails/251122/woolworths-seasoning-moroccan
663583,Macro Organic 4 Bean Mix No Added Salt 420g,$1.50 ,$0.36 / 100G,/shop/productdetails/663583/macro-organic-4-bean-mix-no-added-salt
76493,Nerada Tea Bags 100 Pack 200g,$4.00 ,$0.04 / 1EA,/shop/productdetails/76493/nerada-tea-bags
369717,Angas Park Pitted Prunes Pitted 1kg,$14.00 ,$14.00 / 1KG,/shop/productdetails/369717/angas-park-pitted-prunes-pitted
496355,Cornwell's Apple Cider Vinegar 375ml,$2.60 ,$0.69 / 100ML,/shop/productdetails/496355/cornwell-s-apple-cider-vinegar
24275,Patak's Tikka Masala Curry Paste 283g,$7.50 ,$2.65 / 100G,/shop/productdetails/24275/patak-s-tikka-masala-curry-paste-paste
39900,White Wings Plain Flour 2kg,$4.50 ,$2.25 / 1KG,/shop/productdetails/39900/white-wings-plain-flour
172405,Woolworths Shredded Coconut 250g,$2.35 ,$9.40 / 1KG,/shop/productdetails/172405/woolworths-shredded-coconut
364085,Csr Caster Sugar Raw 750g,$3.50 ,$0.47 / 100G,/shop/productdetails/364085/csr-caster-sugar-raw
40049,Campbell's Condensed Soup Cream Of Celery 410g,$2.20 ,$0.54 / 100G,/shop/productdetails/40049/campbell-s-condensed-soup-cream-of-celery
41841,Continental French Onion Salt Reduced Simmer Soup 35g,$1.20 ,$3.43 / 100G,/shop/productdetails/41841/continental-french-onion-salt-reduced-simmer-soup
199689,Dilmah Extra Strength Tea Bags 50 Pack,$3.20 ,$0.06 / 1EA,/shop/productdetails/199689/dilmah-extra-strength-tea-bags
325191,White Wings Brownie Mix Chocolate Chunk 475g,$5.00 ,$1.05 / 100G,/shop/productdetails/325191/white-wings-brownie-mix-chocolate-chunk
825513,Masterfoods Simmer Sauce Butter Chicken 485g,$4.50 ,$0.93 / 100G,/shop/productdetails/825513/masterfoods-simmer-sauce-butter-chicken
580621,Patak's Mild Butter Chicken Simmer Sauce 450g,$2.75 ,$0.61 / 100G,/shop/productdetails/580621/patak-s-mild-butter-chicken-simmer-sauce
750407,Heinz Big N Chunky Mexican Chilli Beef Soup Ready Meals 520g,$3.90 ,$0.75 / 100G,/shop/productdetails/750407/heinz-big-n-chunky-mexican-chilli-beef-soup-ready-meals
567738,Woolworths Garlic Aioli 250ml,$2.30 ,$0.92 / 100ML,/shop/productdetails/567738/woolworths-garlic-aioli
521258,Choice Beef Instant Noodles 85g X5 Pack,N/A,N/A,/shop/productdetails/521258/choice-beef-instant-noodles
155144,La Costena Chunky Salsa Mild 310g,$5.80 ,$1.87 / 100G,/shop/productdetails/155144/la-costena-chunky-salsa-mild
75201,Mckenzie's Bi Carb Soda 500g,$2.70 ,$0.54 / 100G,/shop/productdetails/75201/mckenzie-s-bi-carb-soda
329104,Uncle Tobys Fruity Bites Wildberry Flavour Breakfast Cereal 500g,$5.00 ,$1.00 / 100G,/shop/productdetails/329104/uncle-tobys-fruity-bites-wildberry-flavour-breakfast-cereal
93852,Vittoria Espresso Nespresso Compatible Coffee Capsules Pack 20,$13.00 ,$0.65 / 1EA,/shop/productdetails/93852/vittoria-espresso-nespresso-compatible-coffee-capsules
321571,Beerenberg Strawberry Jam 300g,$4.50 ,$1.50 / 100G,/shop/productdetails/321571/beerenberg-strawberry-jam
867174,Huy Fong Chilli Paste Sambal Oelek 230ml,N/A,N/A,/shop/productdetails/867174/huy-fong-chilli-paste-sambal-oelek
74641,La Molisana Pastificio Extra Di Lusso Potato Gnocchi 500g,$3.61 ,$0.72 / 100G,/shop/productdetails/74641/la-molisana-pastificio-extra-di-lusso-potato-gnocchi
451728,Leggos Pasta Bake Tomato Ricotta & Spinach 500g,$4.00 ,$0.80 / 100G,/shop/productdetails/451728/leggo-s-pasta-bake-tomato-ricotta-spinach
290297,Mutti Passata With Basil 700g,$4.40 ,$0.63 / 100G,/shop/productdetails/290297/mutti-passata-with-basil
290297,Mutti Passata With Basil 700g,$4.40 ,$0.63 / 100G,/shop/productdetails/290297/mutti-passata-with-basil
290297,Mutti Passata With Basil 700g,$4.40 ,$0.63 / 100G,/shop/productdetails/290297/mutti-passata-with-basil
290297,Mutti Passata With Basil 700g,$4.40 ,$0.63 / 100G,/shop/productdetails/290297/mutti-passata-with-basil
290297,Mutti Passata With Basil 700g,$4.40 ,$0.63 / 100G,/shop/productdetails/290297/mutti-passata-with-basil
290297,Mutti Passata With Basil 700g,$4.40 ,$0.63 / 100G,/shop/productdetails/290297/mutti-passata-with-basil
290297,Mutti Passata With Basil 700g,$4.40 ,$0.63 / 100G,/shop/productdetails/290297/mutti-passata-with-basil
290297,Mutti Passata With Basil 700g,$4.40 ,$0.63 / 100G,/shop/productdetails/290297/mutti-passata-with-basil
290297,Mutti Passata With Basil 700g,$4.40 ,$0.63 / 100G,/shop/productdetails/290297/mutti-passata-with-basil
830067,Juicy Isle Chocolate Topping 375ml,$3.00 ,$0.80 / 100ML,/shop/productdetails/830067/juicy-isle-chocolate-topping
193794,Sunshine Sugar Low Gi Sugar 1kg,$2.20 ,$0.22 / 100G,/shop/productdetails/193794/sunshine-sugar-low-gi-sugar
24765,Trident Chilli Sauce Sweet Chilli 285ml,$3.85 ,$1.35 / 100ML,/shop/productdetails/24765/trident-chilli-sauce-sweet-chilli
19149,Continental Classics Cup A Soup Creamy Chicken Noodles Single Serve 43g,$2.20 ,$5.12 / 100G,/shop/productdetails/19149/continental-classics-cup-a-soup-creamy-chicken-noodles-single-serve
698862,Essentials Olive Oil 500ml,N/A,N/A,/shop/productdetails/698862/essentials-olive-oil
157346,Robert Timms Coffee Bags Decaffeinated 18 Pack,$10.00 ,$0.56 / 1EA,/shop/productdetails/157346/robert-timms-coffee-bags-decaffeinated
186274,Woolworths Choc Hazelnut Spread 750g,N/A,N/A,/shop/productdetails/186274/woolworths-choc-hazelnut-spread
310679,Devondale 100% Pure Full Cream Long Life Milk 150ml,$1.30 ,$8.67 / 1L,/shop/productdetails/310679/devondale-100-pure-full-cream-long-life-milk
781575,Heinz Soup Of The Day Spanish Style Chicken Paella Soup Pouch 430g,$4.50 ,$1.05 / 100G,/shop/productdetails/781575/heinz-soup-of-the-day-spanish-style-chicken-paella-soup-pouch
255147,Kraft Easy Mac & Cheese Macaroni Pasta Classic Cheese Noodles 560g,$7.20 ,$1.29 / 100G,/shop/productdetails/255147/kraft-easy-mac-cheese-macaroni-pasta-classic-cheese-noodles
142574,Queen Pure Maple Syrup 250ml,$9.50 ,$3.80 / 100ML,/shop/productdetails/142574/queen-pure-maple-syrup
225648,Twinings Every Day Black Tea Bags 100 Pack,$13.50 ,$0.14 / 1EA,/shop/productdetails/225648/twinings-every-day-black-tea-bags
895992,Mazzetti Apple Cider Vinegar With Mother 500ml,$4.15 ,$0.83 / 100ML,/shop/productdetails/895992/mazzetti-apple-cider-vinegar-with-mother
96235,Golden Circle Canned Vegetables Baby Beetroot Cans 450g,$2.30 ,$5.11 / 1KG,/shop/productdetails/96235/golden-circle-canned-vegetables-baby-beetroot-cans
37370,Saxa Fine White Pepper 50g,$4.20 ,$0.84 / 10G,/shop/productdetails/37370/saxa-fine-white-pepper-picnic-pack
221793,Starbucks Espresso Roast Capsules 36 Pack,$22.00 ,$0.61 / 1EA,/shop/productdetails/221793/starbucks-espresso-roast-capsules
28617,Uncle Tobys Oats Breakfast Bakes Cereal Bar Apple & Cinnamon 260g,$7.00 ,$2.69 / 100G,/shop/productdetails/28617/uncle-tobys-oats-breakfast-bakes-cereal-bar-apple-cinnamon
82126,Valcom Paste Thai Red Curry 210g,$3.80 ,$1.81 / 100G,/shop/productdetails/82126/valcom-paste-thai-red-curry
212347,Praise Dressings French Original 330ml,$3.00 ,$0.91 / 100ML,/shop/productdetails/212347/praise-dressings-french-original
591706,Spc Tropics Mangoes In Juice Fruit Cups 4 X 120g,$4.50 ,$9.38 / 1KG,/shop/productdetails/591706/spc-tropics-mangoes-in-juice-fruit-cups
575869,Australia's Own Unsweetened Coconut Milk 1l,$3.20 ,$3.20 / 1L,/shop/productdetails/575869/australia-s-own-unsweetened-coconut-milk
670114,Lotus Biscoff Spread 400g,$7.50 ,$1.88 / 100G,/shop/productdetails/670114/lotus-biscoff-spread
95116,Paramount Salmon Pink 210g,$6.00 ,$28.57 / 1KG,/shop/productdetails/95116/paramount-salmon-pink
95116,Paramount Salmon Pink 210g,$6.00 ,$28.57 / 1KG,/shop/productdetails/95116/paramount-salmon-pink
95116,Paramount Salmon Pink 210g,$6.00 ,$28.57 / 1KG,/shop/productdetails/95116/paramount-salmon-pink
95116,Paramount Salmon Pink 210g,$6.00 ,$28.57 / 1KG,/shop/productdetails/95116/paramount-salmon-pink
95116,Paramount Salmon Pink 210g,$6.00 ,$28.57 / 1KG,/shop/productdetails/95116/paramount-salmon-pink
95116,Paramount Salmon Pink 210g,$6.00 ,$28.57 / 1KG,/shop/productdetails/95116/paramount-salmon-pink
95116,Paramount Salmon Pink 210g,$6.00 ,$28.57 / 1KG,/shop/productdetails/95116/paramount-salmon-pink
95116,Paramount Salmon Pink 210g,$6.00 ,$28.57 / 1KG,/shop/productdetails/95116/paramount-salmon-pink
95116,Paramount Salmon Pink 210g,$6.00 ,$28.57 / 1KG,/shop/productdetails/95116/paramount-salmon-pink
95116,Paramount Salmon Pink 210g,$6.00 ,$28.57 / 1KG,/shop/productdetails/95116/paramount-salmon-pink
95116,Paramount Salmon Pink 210g,$6.00 ,$28.57 / 1KG,/shop/productdetails/95116/paramount-salmon-pink
95116,Paramount Salmon Pink 210g,$6.00 ,$28.57 / 1KG,/shop/productdetails/95116/paramount-salmon-pink
95116,Paramount Salmon Pink 210g,$6.00 ,$28.57 / 1KG,/shop/productdetails/95116/paramount-salmon-pink
95116,Paramount Salmon Pink 210g,$6.00 ,$28.57 / 1KG,/shop/productdetails/95116/paramount-salmon-pink
781034,Mayver's Crunchy Peanut Butter 375g,$4.60 ,$1.23 / 100G,/shop/productdetails/781034/mayver-s-crunchy-peanut-butter
511124,Zooper Dooper Ice Blocks Sourz 24x70ml,$6.50 ,$0.39 / 100ML,/shop/productdetails/511124/zooper-dooper-ice-blocks-sourz
94637,Hoyts Garlic Powder 25g,$1.60 ,$0.64 / 10G,/shop/productdetails/94637/hoyts-garlic-powder
166783,Masterfoods Japanese Style Tonkatsu 250ml,$4.50 ,$1.80 / 100ML,/shop/productdetails/166783/masterfoods-japanese-style-tonkatsu
25207,San Remo Cous Cous Medium Grain 500g,$2.25 ,$0.45 / 100G,/shop/productdetails/25207/san-remo-cous-cous-medium-grain
827577,Uncle Tobys Cereal Plus Iron 410g,$6.50 ,$1.59 / 100G,/shop/productdetails/827577/uncle-tobys-cereal-plus-iron
83291,Mama Shrimp (tom Yum) Instant Noodles 90g X5 Pack,$6.50 ,$1.44 / 100G,/shop/productdetails/83291/mama-shrimp-tom-yum-instant-noodles
54737,Lakanto Monkfruit Classic Sweetener Replaces White Sugar 200g,$8.90 ,$4.45 / 100G,/shop/productdetails/54737/lakanto-monkfruit-classic-sweetener-replaces-white-sugar
35551,Masterfoods Garlic Salt 210g,$4.50 ,$0.21 / 10G,/shop/productdetails/35551/masterfoods-garlic-salt
701667,Macro Organic Rice Milk 1l,$1.65 ,$1.65 / 1L,/shop/productdetails/701667/macro-organic-rice-milk
262170,Nerada Organic Peppermint Tea Bags 40 Pack 60g,$5.80 ,$0.15 / 1EA,/shop/productdetails/262170/nerada-organic-peppermint-tea-bags
274308,Praise Dressings Caesar 330ml,$3.00 ,$0.91 / 100ML,/shop/productdetails/274308/praise-dressings-caesar
245396,Woolworths Two Fruits In Tropical Jelly 4 Pack,$2.20 ,$4.58 / 1KG,/shop/productdetails/245396/woolworths-two-fruits-in-tropical-jelly
793391,Pureharvest Coco Quench Coconut Milk 1l,$3.50 ,$3.50 / 1L,/shop/productdetails/793391/pureharvest-coco-quench-coconut-milk
660390,Vitasoy Almond Milky 1l,$3.00 ,$3.00 / 1L,/shop/productdetails/660390/vitasoy-almond-milky
93221,Vittoria Espresso Nespresso Compatible Coffee Capsules Pack 10,$5.50 ,$0.55 / 1EA,/shop/productdetails/93221/vittoria-espresso-nespresso-compatible-coffee-capsules
148281,Uncle Tobys Oats Quick Sachets Big Bowl Original Porridge 368g,$5.00 ,$1.36 / 100G,/shop/productdetails/148281/uncle-tobys-oats-quick-sachets-big-bowl-original-porridge
803886,Haday Supreme Soy Sauce 750ml,$6.60 ,$0.88 / 100ML,/shop/productdetails/803886/haday-supreme-soy-sauce
232124,Praise Dressings Thousand Island 330ml,$3.00 ,$0.91 / 100ML,/shop/productdetails/232124/praise-dressings-thousand-island
245393,Woolworths Pear In Raspberry Flavoured Jelly 4x120g,$2.20 ,$4.58 / 1KG,/shop/productdetails/245393/woolworths-pear-in-raspberry-flavoured-jelly
34119,Continental Instant Mashed Potato Deb Mash 115g,$2.10 ,$18.26 / 1KG,/shop/productdetails/34119/continental-instant-mashed-potato-deb-mash
264095,Dollar Sweets Choclettes 150g,$2.30 ,$1.53 / 100G,/shop/productdetails/264095/dollar-sweets-choclettes
85842,Heinz Plant Proteinz Vegetarian Lentil & Sweet Potato Dahl 330g,$2.20 ,$0.67 / 100G,/shop/productdetails/85842/heinz-plant-proteinz-vegetarian-lentil-sweet-potato-dahl
805283,Hong Gong Cooking Rice Wine 620ml,$2.80 ,$0.45 / 100ML,/shop/productdetails/805283/hong-gong-cooking-rice-wine
224905,Maggi Chicken Flavour Cup Instant Noodles 60g,$2.50 ,$4.31 / 100G,/shop/productdetails/224905/maggi-chicken-flavour-cup-instant-noodles
565830,Woolworths Apple Slices Pie Fruit 385g,N/A,N/A,/shop/productdetails/565830/woolworths-apple-slices-pie-fruit
209144,Liddells Skim Long Life Milk Lactose Free 1l,$3.00 ,$3.00 / 1L,/shop/productdetails/209144/liddells-skim-long-life-milk-lactose-free
119755,Sanitarium Up&go Dairy Free Liquid Breakfast Vanilla Ice 12 Pack,$15.80 ,$5.27 / 1L,/shop/productdetails/119755/sanitarium-up-go-dairy-free-liquid-breakfast-vanilla-ice
267358,Sunlee Sweet Corn In Brine 410g,$1.10 ,$2.68 / 1KG,/shop/productdetails/267358/sunlee-sweet-corn-in-brine
86973,Csr Demerara Sugar 375g,$2.40 ,$0.64 / 100G,/shop/productdetails/86973/csr-demerara-sugar
761509,Continental Classics Pasta & Sauce Creamy Bacon Carbonara Family Pack 145g,$3.50 ,$2.41 / 100G,/shop/productdetails/761509/continental-classics-pasta-sauce-creamy-bacon-carbonara-family-pack
845179,Hart & Soul Spiced Lentil Soup Pouch 400g,$3.80 ,$0.95 / 100G,/shop/productdetails/845179/hart-soul-spiced-lentil-soup-pouch
491355,Sshmallows White Mini Marshmallows 100g,$2.00 ,$2.00 / 100G,/shop/productdetails/491355/sshmallows-white-mini-marshmallows
116460,Barkers Luscious Strawberry Sauce 335g,$4.50 ,$1.34 / 100G,/shop/productdetails/116460/barker-s-luscious-strawberry-sauce
33079,White Wings Self Raising Flour 2kg,$4.50 ,$2.25 / 1KG,/shop/productdetails/33079/white-wings-self-raising-flour
647765,Woolworths Chipotle Seasoning 53g,$3.00 ,$0.57 / 10G,/shop/productdetails/647765/woolworths-chipotle-seasoning
710191,Birch & Waite Greek Lemon Dressing 250ml,N/A,N/A,/shop/productdetails/710191/birch-waite-greek-lemon-dressing
85345,Heinz Plant Proteinz Vegetarian Coconut Pumpkin Chickpea Soup 330g,$2.20 ,$0.67 / 100G,/shop/productdetails/85345/heinz-plant-proteinz-vegetarian-coconut-pumpkin-chickpea-soup
193069,Masterfoods Garlic Herb Seasoning 37g,$3.70 ,$1.00 / 10G,/shop/productdetails/193069/masterfoods-garlic-herb-seasoning
493529,Aunt Betty's Creamy Rice Dessert Natural Vanilla 240g,$2.50 ,$1.04 / 100G,/shop/productdetails/493529/aunt-betty-s-creamy-rice-dessert-natural-vanilla
679127,San Remo Pulse Pasta Red Lentils 250g,$4.50 ,$1.80 / 100G,/shop/productdetails/679127/san-remo-pulse-pasta-red-lentils
3384,Spc Baked Beans Rich Tomato Salt Reduced 140g X 4 Pack,$4.00 ,$0.71 / 100G,/shop/productdetails/3384/spc-baked-beans-rich-tomato-salt-reduced
726369,Woolworths Cranberries 150g,$1.75 ,$11.67 / 1KG,/shop/productdetails/726369/woolworths-cranberries
840785,Dole Premium Tropical Pineapple Slices In Juice 227g,$2.10 ,$9.25 / 1KG,/shop/productdetails/840785/dole-premium-tropical-pineapple-slices-in-juice
27294,Mckenzie's Soup Mix 500g,$1.60 ,$0.32 / 100G,/shop/productdetails/27294/mckenzie-s-soup-mix
756336,Woolworths Mandarin Canned 310g Can,$1.30 ,$4.19 / 1KG,/shop/productdetails/756336/woolworths-mandarin-canned
195100,Annalisa Lentils 400g,$1.90 ,$0.48 / 100G,/shop/productdetails/195100/annalisa-lentils
230941,Continental Classics Pasta & Sauce Macaroni Cheese Serves 2 105g,$2.80 ,$2.43 / 100G,/shop/productdetails/230941/continental-classics-pasta-sauce-macaroni-cheese-serves-2
157600,F. Whitlock & Sons Killer Baked Beans Fuego Chilli 420g,$2.50 ,$0.60 / 100G,/shop/productdetails/157600/f-whitlock-sons-killer-baked-beans-fuego-chilli
98046,Bega Peanut Butter Smooth 470g,$6.40 ,$1.36 / 100G,/shop/productdetails/98046/bega-peanut-butter-smooth
8088,Mckenzie's Lentils Red 375g,$2.30 ,$0.61 / 100G,/shop/productdetails/8088/mckenzie-s-lentils-red
91837,Verity Prunes Large 750g,$6.70 ,$8.93 / 1KG,/shop/productdetails/91837/verity-prunes-large
943285,Riviana Bean Sprouts 200g,$1.75 ,$8.75 / 1KG,/shop/productdetails/943285/riviana-bean-sprouts
707365,Woolworths Dill Fresh Herb 15g,$3.20 ,$2.13 / 10G,/shop/productdetails/707365/woolworths-dill-fresh-herb
55897,Il Molino Polenta Bramata Traditional 500g,$3.30 ,$6.60 / 1KG,/shop/productdetails/55897/il-molino-polenta-bramata-traditional
88125,Sacla Basil Pesto 190g,$5.90 ,$3.11 / 100G,/shop/productdetails/88125/sacla-basil-pesto
830066,Juicy Isle Caramel Topping 375ml,$3.00 ,$0.80 / 100ML,/shop/productdetails/830066/juicy-isle-caramel-topping
99917,Mazzetti Balsamic Vinegar Of Modena 250ml,$3.50 ,$1.40 / 100ML,/shop/productdetails/99917/mazzetti-balsamic-vinegar-of-modena
237418,Cobram Estate Classic Extra Virgin Olive Oil 750ml,$18.00 ,$2.40 / 100ML,/shop/productdetails/237418/cobram-estate-classic-extra-virgin-olive-oil
84958,Sunsol Pro-biotic Almond Cashew & Chia Toasted Muesli 400g,$7.00 ,$1.75 / 100G,/shop/productdetails/84958/sunsol-pro-biotic-almond-cashew-chia-toasted-muesli
781407,Vittoria Organic Coffee Beans Organic 1kg,$44.00 ,$4.40 / 100G,/shop/productdetails/781407/vittoria-organic-coffee-beans-organic
96231,Edgell Australian Sweet Sliced Beetroot 425g,$2.20 ,$5.18 / 1KG,/shop/productdetails/96231/edgell-australian-sweet-sliced-beetroot
234226,Kikkoman Thick Teriyaki Sauce Gluten Free 240g,$3.40 ,$1.42 / 100G,/shop/productdetails/234226/kikkoman-thick-teriyaki-sauce-gluten-free
96731,San Remo La Pasta Creamy Bacon Single Snack 80g,$1.40 ,$1.75 / 100G,/shop/productdetails/96731/san-remo-la-pasta-creamy-bacon-single-snack
720043,Gravox Best Ever Hot Chip Gravy Pouch Liquid Gravy For Chips 165g,$2.80 ,$1.70 / 100G,/shop/productdetails/720043/gravox-best-ever-hot-chip-gravy-pouch-liquid-gravy-for-chips
42980,Twinings Earl Grey Tea Bags 50 Pack,$7.00 ,$0.14 / 1EA,/shop/productdetails/42980/twinings-earl-grey-tea-bags-tea-bags
42980,Twinings Earl Grey Tea Bags 50 Pack,$7.00 ,$0.14 / 1EA,/shop/productdetails/42980/twinings-earl-grey-tea-bags-tea-bags
42980,Twinings Earl Grey Tea Bags 50 Pack,$7.00 ,$0.14 / 1EA,/shop/productdetails/42980/twinings-earl-grey-tea-bags-tea-bags
42980,Twinings Earl Grey Tea Bags 50 Pack,$7.00 ,$0.14 / 1EA,/shop/productdetails/42980/twinings-earl-grey-tea-bags-tea-bags
42980,Twinings Earl Grey Tea Bags 50 Pack,$7.00 ,$0.14 / 1EA,/shop/productdetails/42980/twinings-earl-grey-tea-bags-tea-bags
42980,Twinings Earl Grey Tea Bags 50 Pack,$7.00 ,$0.14 / 1EA,/shop/productdetails/42980/twinings-earl-grey-tea-bags-tea-bags
42980,Twinings Earl Grey Tea Bags 50 Pack,$7.00 ,$0.14 / 1EA,/shop/productdetails/42980/twinings-earl-grey-tea-bags-tea-bags
669980,Woolworths Apple & Peach Puree In Pouch 90g,$0.95 ,$10.56 / 1KG,/shop/productdetails/669980/woolworths-apple-peach-puree-in-pouch
40068,San Remo Fettuccine Pasta 500g,$2.30 ,$0.46 / 100G,/shop/productdetails/40068/san-remo-fettuccine-pasta
263672,Sanitarium So Good Long Life Regular Soy Milk 250ml X3 Pack,$3.60 ,$4.80 / 1L,/shop/productdetails/263672/sanitarium-so-good-long-life-regular-soy-milk
479870,Wokka Ramen Noodles 400g,$2.70 ,$0.68 / 100G,/shop/productdetails/479870/wokka-ramen-noodles
148131,Bushells Black Tea Extra Strong 100 Pack,$4.85 ,$0.05 / 1EA,/shop/productdetails/148131/bushells-black-tea-extra-strong
76191,Chang's Fried Noodles 100g,$1.70 ,$1.70 / 100G,/shop/productdetails/76191/chang-s-fried-noodles
657423,Heinz Beanz Baked Beans English Recipe 555g,$2.80 ,$0.50 / 100G,/shop/productdetails/657423/heinz-beanz-baked-beans-english-recipe
751321,Woolworths Beetroot Sliced 425g,$1.75 ,$4.12 / 1KG,/shop/productdetails/751321/woolworths-beetroot-sliced
701639,Kellogg's Special K Original Breakfast Cereal 300g,$7.00 ,$2.33 / 100G,/shop/productdetails/701639/kelloggs-special-k-original-breakfast-cereal
841055,Woolworths Yummy Rainbow Rings 300g,$2.50 ,$0.83 / 100G,/shop/productdetails/841055/woolworths-yummy-rainbow-rings
89159,Cloverdale Pure Honey Twist & Squeeze 375g,$4.40 ,$1.17 / 100G,/shop/productdetails/89159/cloverdale-pure-honey-twist-squeeze
250311,Kewpie Japanese Mayonnaise 300g,$5.50 ,$1.83 / 100G,/shop/productdetails/250311/kewpie-japanese-mayonnaise
27298,Mckenzie's Dried Veg Pearl Barley 500g,$1.60 ,$0.32 / 100G,/shop/productdetails/27298/mckenzie-s-dried-veg-pearl-barley
524432,Woolworths Black Sliced Olives 430g,$2.00 ,$0.47 / 100G,/shop/productdetails/524432/woolworths-black-sliced-olives
702285,Obento Japanese Tempura Batter 500g,$3.95 ,$0.79 / 100G,/shop/productdetails/702285/obento-japanese-tempura-batter
38640,Leggos Tomato Paste 500g,$4.80 ,$0.96 / 100G,/shop/productdetails/38640/leggo-s-tomato-paste
111359,Mckenzie's Himalayan Pink Rock Salt 410g,$8.50 ,$2.07 / 100G,/shop/productdetails/111359/mckenzie-s-himalayan-pink-rock-salt
820203,Mckenzie's Wholemeal Spelt Flour 300g,$4.00 ,$13.33 / 1KG,/shop/productdetails/820203/mckenzie-s-wholemeal-spelt-flour
761604,Almond Breeze Unsweetened Almond Milk 1l,$3.00 ,$3.00 / 1L,/shop/productdetails/761604/almond-breeze-unsweetened-almond-milk
303731,Amy's Kitchen Organic Vegetable Barley Soup 400g,$3.90 ,$0.98 / 100G,/shop/productdetails/303731/amy-s-kitchen-organic-vegetable-barley-soup
780106,Dole Pineapple Premium Tropical Slices 432g,$2.50 ,$5.79 / 1KG,/shop/productdetails/780106/dole-pineapple-premium-tropical-slices
702238,Natural Whole Black Peppercorns Grinder 180g,$6.50 ,$0.36 / 10G,/shop/productdetails/702238/natural-whole-black-peppercorns-grinder
134181,T2 Detox Tea Bags 10 Pack,$7.00 ,$0.70 / 1EA,/shop/productdetails/134181/t2-detox-tea-bags
34033,Heinz Baked Beans Canned Beans In Tomato Sauce Breakfast 130g,$1.80 ,$1.38 / 100G,/shop/productdetails/34033/heinz-baked-beans-canned-beans-in-tomato-sauce-breakfast
669981,Woolworths Puree In Pouch Apple & Mango 90g,$0.95 ,$10.56 / 1KG,/shop/productdetails/669981/woolworths-puree-in-pouch-apple-mango
226227,Leggos Eat Well Tomato & Basil Pasta Sauce With Prebiotic Fibre 500g,$4.00 ,$0.80 / 100G,/shop/productdetails/226227/leggo-s-eat-well-tomato-basil-pasta-sauce-with-prebiotic-fibre
957588,Leggos Providore Tomato & Onion 400g,$6.00 ,$1.50 / 100G,/shop/productdetails/957588/leggo-s-providore-tomato-onion
490097,Queen Finest Madagascar Vanilla Bean Paste 50g,$9.00 ,$18.00 / 100G,/shop/productdetails/490097/queen-finest-madagascar-vanilla-bean-paste
95915,Stubb's Sticky Sweet Bbq Sauce 510g,$6.50 ,$1.27 / 100G,/shop/productdetails/95915/stubb-s-sticky-sweet-bbq-sauce
230945,Continental Classics Pasta & Sauce Alfredo Serves 2 85g,$2.80 ,$3.29 / 100G,/shop/productdetails/230945/continental-classics-pasta-sauce-alfredo-serves-2
170379,Huy Fong The Original Sriracha Hot Chilli Sauce Mayonnaise 300ml,N/A,N/A,/shop/productdetails/170379/huy-fong-the-original-sriracha-hot-chilli-sauce-mayonnaise
738494,Belvita Honey & Nut Breakfast Biscuits 300g,N/A,N/A,/shop/productdetails/738494/belvita-honey-nut-breakfast-biscuits
284455,Vittoria Mountain Grown Coffee Beans 1kg,$44.00 ,$4.40 / 100G,/shop/productdetails/284455/vittoria-mountain-grown-coffee-beans
46497,Masterfoods Chicken Salt 65g,$3.00 ,$0.46 / 10G,/shop/productdetails/46497/masterfoods-chicken-salt
715921,Belvita Milk & Cereal Breakfast Biscuits 300g,$3.50 ,$1.17 / 100G,/shop/productdetails/715921/belvita-milk-cereal-breakfast-biscuits
793384,Sanitarium So Good Long Life Unsweetened Almond Coconut Milk 1l,$2.90 ,$2.90 / 1L,/shop/productdetails/793384/sanitarium-so-good-long-life-unsweetened-almond-coconut-milk
490090,Nestle Bakers' Choice Milk Choc Bits Value Pack 375g,$6.00 ,$1.60 / 100G,/shop/productdetails/490090/nestle-bakers-choice-milk-choc-bits-value-pack
241332,Supreme Noodles Cup Chicken Flavour 70g,$1.00 ,$1.43 / 100G,/shop/productdetails/241332/supreme-noodles-cup-chicken-flavour
157481,F. Whitlock & Sons Killer Baked Beans Fred's Ballistic Tomato & Basil 420g,$2.50 ,$0.60 / 100G,/shop/productdetails/157481/f-whitlock-sons-killer-baked-beans-fred-s-ballistic-tomato-basil
238371,Heinz Saucy Sauce Mayonnaise Ketchup Mayo Tomato Sauce Blend 295ml,$4.00 ,$1.36 / 100ML,/shop/productdetails/238371/heinz-saucy-sauce-mayonnaise-ketchup-mayo-tomato-sauce-blend
846421,La Zuppa Soup Pouch Spring Veg & Brown Rice 540g,$3.95 ,$0.73 / 100G,/shop/productdetails/846421/la-zuppa-soup-pouch-spring-veg-brown-rice
32760,Masterfoods Garlic Salt 70g,$2.50 ,$0.36 / 10G,/shop/productdetails/32760/masterfoods-garlic-salt
54738,Lakanto Monkfruit Golden Sweetener Replaces Raw Sugar 200g,$8.90 ,$4.45 / 100G,/shop/productdetails/54738/lakanto-monkfruit-golden-sweetener-replaces-raw-sugar
257302,Woolworths Balsamic Vinegar 250ml,$2.40 ,$0.96 / 100ML,/shop/productdetails/257302/woolworths-balsamic-vinegar
241187,Slush Puppie Cola Flavoured Slushy 250ml,$3.50 ,$1.40 / 100ML,/shop/productdetails/241187/slush-puppie-cola-flavoured-slushy
690852,Woolworths Chai Latte Sachets 10 Pack,$3.25 ,$0.33 / 1EA,/shop/productdetails/690852/woolworths-chai-latte-sachets
757795,Green's Brownie Mix Chocolate 380g,$2.50 ,$0.66 / 100G,/shop/productdetails/757795/green-s-brownie-mix-chocolate
702293,Lee Kum Kee Sauce Chicken And Honey Soy 120g,$2.40 ,$2.00 / 100G,/shop/productdetails/702293/lee-kum-kee-sauce-chicken-and-honey-soy
257413,Maggi Gravy Mix Roast Chicken 24g,$1.00 ,$0.42 / 10G,/shop/productdetails/257413/maggi-gravy-mix-roast-chicken
38898,Peck's Devilled Ham Spread 125g,$4.50 ,$3.60 / 100G,/shop/productdetails/38898/peck-s-devilled-ham-spread
420010,Sanitarium Up&go Liquid Breakfast Honeycomb 3 Pack,$5.60 ,$7.47 / 1L,/shop/productdetails/420010/sanitarium-up-go-liquid-breakfast-honeycomb
174910,"Macro Organic Brown Rice, Quinoa & Chia Seeds With Garlic 250g",$2.00 ,$0.80 / 100G,/shop/productdetails/174910/macro-organic-brown-rice-quinoa-chia-seeds-with-garlic
499695,Macro White Quinoa 1kg,$10.00 ,$1.00 / 100G,/shop/productdetails/499695/macro-white-quinoa
345633,Masterfoods Devilled Sausages Recipe Base 175g,$2.80 ,$1.60 / 100G,/shop/productdetails/345633/masterfoods-devilled-sausages-recipe-base
87404,Yeo's Drink Chrysanthemum 6 Pack,$4.00 ,$2.67 / 1L,/shop/productdetails/87404/yeo-s-drink-chrysanthemum
699319,Masterfoods Schnitzel Mix Garlic & Herb 80g,$2.50 ,$0.31 / 10G,/shop/productdetails/699319/masterfoods-schnitzel-mix-garlic-herb
186602,Vittoria Mountain Grown Ground Coffee 1kg,$44.00 ,$4.40 / 100G,/shop/productdetails/186602/vittoria-mountain-grown-ground-coffee
691507,Continental Classics Cheesy Rice Serves 2 125g,$2.80 ,$2.24 / 100G,/shop/productdetails/691507/continental-classics-cheesy-rice-serves-2
61663,Starbucks Nescafe Dolce Gusto Caramel Macchiato Coffee Pods 12 Pack,$10.00 ,$0.83 / 1EA,/shop/productdetails/61663/nescafe-starbucks-nescafe-dolce-gusto-caramel-macchiato-coffee-pods
254784,Woolworths Chocolate Hard Set Topping 220g,$3.55 ,$1.61 / 100G,/shop/productdetails/254784/woolworths-chocolate-hard-set-topping
22078,Leggo's Tomato Paste No Added Salt Triple Concentrate Tub 2x140g,$3.50 ,$1.25 / 100G,/shop/productdetails/22078/leggo-s-tomato-paste-no-added-salt-triple-concentrate-tub
335073,Macro Organic Quinoa 500g,$6.59 ,$1.32 / 100G,/shop/productdetails/335073/macro-organic-quinoa
770057,Woolworths Free From Gluten Plain Flour 750g,$3.60 ,$4.80 / 1KG,/shop/productdetails/770057/woolworths-free-from-gluten-plain-flour
159897,Vittoria Freeze Dried Instant Coffee Classic 100g,$12.50 ,$12.50 / 100G,/shop/productdetails/159897/vittoria-freeze-dried-instant-coffee-classic
97501,Twinings Asha Vanilla Retreat Cinnamon & Camomile Tea Bags 18 Pack,$7.50 ,$0.42 / 1EA,/shop/productdetails/97501/twinings-asha-vanilla-retreat-cinnamon-camomile-tea-bags
92808,Vittoria Decaffeinated Nespresso Compatible Coffee Capsules Pack 10,$5.50 ,$0.55 / 1EA,/shop/productdetails/92808/vittoria-decaffeinated-nespresso-compatible-coffee-capsules
248348,Annalisa Beans Red Kidney 400g,$1.90 ,$0.48 / 100G,/shop/productdetails/248348/annalisa-beans-red-kidney
137595,Sunrice Microwave Brown Rice & Quinoa 450g,$4.00 ,$0.89 / 100G,/shop/productdetails/137595/sunrice-microwave-brown-rice-quinoa
6094,Aeroplane Original Raspberry Flavoured Jelly 85g,$1.10 ,$1.29 / 100G,/shop/productdetails/6094/aeroplane-original-raspberry-flavoured-jelly
98446,Pearl River Bridge Soy Sauce Mushroom 500ml,$2.80 ,$0.56 / 100ML,/shop/productdetails/98446/pearl-river-bridge-soy-sauce-mushroom
852487,Woolworths Apple Puree 4 Pack,$2.20 ,$4.40 / 1KG,/shop/productdetails/852487/woolworths-apple-puree
226906,Nescafe Coffee Sachets Vanilla Latte 10 Pack,$7.60 ,$0.76 / 1EA,/shop/productdetails/226906/nescafe-coffee-sachets-vanilla-latte-latte-vanilla
217153,Sa Gourmet Food Co Classique French Onion Soup 430g,$3.00 ,$0.70 / 100G,/shop/productdetails/217153/sa-gourmet-food-co-classique-french-onion-soup
254792,White Wings Muffin Mix Triple Chocolate 550g,$5.00 ,$0.91 / 100G,/shop/productdetails/254792/white-wings-muffin-mix-triple-chocolate
68345,Macro Organic Wholemeal Penne 500g,$1.65 ,$0.33 / 100G,/shop/productdetails/68345/macro-organic-wholemeal-penne
226908,Nescafe Coffee Sachets Caramel Latte 10 Pack,$7.60 ,$0.76 / 1EA,/shop/productdetails/226908/nescafe-coffee-sachets-caramel-latte-caramel-latte
803610,House Foods Shichimi Togarashi 18g,$3.50 ,$19.44 / 100G,/shop/productdetails/803610/house-foods-shichimi-togarashi
34498,Three Threes Sweet Mustard Pickles 520g,$3.50 ,$6.73 / 1KG,/shop/productdetails/34498/three-threes-sweet-mustard-pickles
30015,Clive Of India Curry Powder 100g,$3.50 ,$0.35 / 10G,/shop/productdetails/30015/clive-of-india-curry-powder
198740,Continental Soup Sensations Mexican Tomato & Corn With Jalapeno 2 Serve 55g,$2.50 ,$4.55 / 100G,/shop/productdetails/198740/continental-soup-sensations-mexican-tomato-corn-with-jalapeno-2-serve
781403,Gourmet Garden Parsley Lightly Dried 8g Sachet,$4.00 ,$5.00 / 10G,/shop/productdetails/781403/gourmet-garden-parsley-lightly-dried
83991,Moro Extra Virgin Olive Oil 1l,$18.00 ,$1.80 / 100ML,/shop/productdetails/83991/moro-extra-virgin-olive-oil
262165,Nerada Organic Camomile Tea Bags 40 Pack,$5.80 ,$0.15 / 1EA,/shop/productdetails/262165/nerada-organic-camomile-tea-bags
109483,Australia's Own A2 Protein Full Cream Uht Milk 1l,$2.50 ,$2.50 / 1L,/shop/productdetails/109483/australia-s-own-a2-protein-full-cream-uht-milk
92130,Ufc Canned Bean Sprouts 410g,$2.70 ,$6.59 / 1KG,/shop/productdetails/92130/ufc-canned-bean-sprouts
5612,Green's Gravy Granules For Roast Meat 120g,$3.00 ,$0.25 / 10G,/shop/productdetails/5612/green-s-gravy-granules-for-roast-meat
765407,Sunrice Brown Rice Steamed Organic 250g,$3.50 ,$1.40 / 100G,/shop/productdetails/765407/sunrice-brown-rice-steamed-organic
247368,Lucky Natural Seed Mix With Pine Nuts 200g,$4.00 ,$20.00 / 1KG,/shop/productdetails/247368/lucky-natural-seed-mix-with-pine-nuts
700721,San Remo La Pasta Macaroni Cheese 160g,$2.50 ,$1.56 / 100G,/shop/productdetails/700721/san-remo-la-pasta-macaroni-cheese
123908,Suthera Thai Coconut Roll Strawberry 70g,N/A,N/A,/shop/productdetails/123908/suthera-thai-coconut-roll-strawberry
78476,Vittoria Coffee Beans Special Italian Blend 1kg,$24.00 ,$2.40 / 100G,/shop/productdetails/78476/vittoria-coffee-beans-special-italian-blend
75202,Mckenzie's Pepper White Ground 100g,$4.20 ,$0.42 / 10G,/shop/productdetails/75202/mckenzie-s-pepper-white-ground
708688,White Wings Cupcake Mix Red Velvet 365g,$5.00 ,$1.37 / 100G,/shop/productdetails/708688/white-wings-cupcake-mix-red-velvet
852488,Woolworths Apple & Strawberry Puree 4 Pack,$2.20 ,$4.40 / 1KG,/shop/productdetails/852488/woolworths-apple-strawberry-puree
105602,Lakanto Monkfruit Baking Blend Replaces Caster Sugar 200g,$9.95 ,$4.98 / 100G,/shop/productdetails/105602/lakanto-monkfruit-baking-blend-replaces-caster-sugar
48736,Fantastic Oriental Noodle Cup 70g,$0.97 ,$1.39 / 100G,/shop/productdetails/48736/fantastic-oriental-noodle-cup
119883,Sanitarium Up&go Dairy Free Liquid Breakfast Choc Ice 3 Pack,$5.60 ,$7.47 / 1L,/shop/productdetails/119883/sanitarium-up-go-dairy-free-liquid-breakfast-choc-ice
78826,Sanitarium Up&go Liquid Breakfast No Added Sugar Choc Ice 3x250ml,$5.60 ,$7.47 / 1L,/shop/productdetails/78826/sanitarium-up-go-liquid-breakfast-no-added-sugar-choc-ice
44751,Masterfoods Roast Chicken Seasoning 41g,$4.20 ,$1.02 / 10G,/shop/productdetails/44751/masterfoods-roast-chicken-seasoning
700692,San Remo La Pasta Alfredo 160g,$2.50 ,$1.56 / 100G,/shop/productdetails/700692/san-remo-la-pasta-alfredo
222325,Sharwood's Simmer Sauce Butter Chicken 420g,$5.00 ,$1.19 / 100G,/shop/productdetails/222325/sharwood-s-simmer-sauce-butter-chicken
770058,Woolworths Free From Gluten Self Raising Flour 750g,$3.60 ,$4.80 / 1KG,/shop/productdetails/770058/woolworths-free-from-gluten-self-raising-flour
707225,Natvia Sweetener Tablets 100% Natural 200 Pack,$5.50 ,$2.75 / 100EA,/shop/productdetails/707225/natvia-sweetener-tablets-100-natural
765693,Sunrice Gluten Free Rice And Quinoa 750g,$3.50 ,$0.47 / 100G,/shop/productdetails/765693/sunrice-gluten-free-rice-and-quinoa
129036,Woolworths Smoked Sprats In Oil With Chilli 120g,$3.00 ,$25.00 / 1KG,/shop/productdetails/129036/woolworths-smoked-sprats-in-oil-with-chilli
274307,Praise Dressings Coleslaw 330ml,$3.00 ,$0.91 / 100ML,/shop/productdetails/274307/praise-dressings-coleslaw
138598,Plenty Cold Pressed Truffle Oil 250ml,$6.40 ,$2.56 / 100ML,/shop/productdetails/138598/plenty-cold-pressed-truffle-oil
41856,Russino Anchovies Flat 80g,$4.60 ,$57.50 / 1KG,/shop/productdetails/41856/russino-anchovies-flat
454608,White Wings Vanilla Cake Mix 510g,$5.00 ,$0.98 / 100G,/shop/productdetails/454608/white-wings-vanilla-cake-mix
710194,Birch & Waite Creamy Caesar Dressing 250ml,N/A,N/A,/shop/productdetails/710194/birch-waite-creamy-caesar-dressing
137364,Cottee's Instant Vanilla Pudding 100g,$1.80 ,$1.80 / 100G,/shop/productdetails/137364/cottee-s-instant-vanilla-pudding-vanilla
94375,Leggos Pesto Traditional Basil 190g,$5.30 ,$2.79 / 100G,/shop/productdetails/94375/leggo-s-pesto-traditional-basil
96607,San Remo La Pasta Chicken Curry Single Snack 80g,$1.40 ,$1.75 / 100G,/shop/productdetails/96607/san-remo-la-pasta-chicken-curry-single-snack
726133,Aunt Betty's Gooey Caramel Steamy Puds 2x95g,$4.90 ,$2.58 / 100G,/shop/productdetails/726133/aunt-betty-s-gooey-caramel-steamy-puds
805219,Awona Shiitake Mushrooms Can 425g,$2.75 ,$6.47 / 1KG,/shop/productdetails/805219/awona-shiitake-mushrooms-can
279821,Hoyts Star Anise Whole 12g,$2.60 ,$2.17 / 10G,/shop/productdetails/279821/hoyts-star-anise-whole
33599,Kraft Grated Parmesan Cheese Cheese 125g,$5.00 ,$40.00 / 1KG,/shop/productdetails/33599/kraft-grated-parmesan-cheese-cheese
31129,Uncle Tobys Oats Quick Oats Porridge Porridge 500g,$4.00 ,$0.80 / 100G,/shop/productdetails/31129/uncle-tobys-oats-quick-oats-porridge-porridge
198091,La Zuppa Soup Pouch Chicken & Sweetcorn 500g,$3.95 ,$0.79 / 100G,/shop/productdetails/198091/la-zuppa-soup-pouch-chicken-sweetcorn
815751,Second House Lebanese Zaatar 500g,$9.50 ,$1.90 / 100G,/shop/productdetails/815751/second-house-lebanese-zaatar
102670,Alishaan Super Basmati Rice 5kg,$30.00 ,$0.60 / 100G,/shop/productdetails/102670/alishaan-super-basmati-rice
140879,White Wings Cinnamon Scrolls With Glaze 508g,$6.00 ,$1.18 / 100G,/shop/productdetails/140879/white-wings-cinnamon-scrolls-with-glaze
312737,Praise Dressings Balsamic 330ml,$3.00 ,$0.91 / 100ML,/shop/productdetails/312737/praise-dressings-balsamic
592203,Golden Circle Blended Fruit Puree Tropical Smash Lunch Box Pouch 120g,$1.80 ,$15.00 / 1KG,/shop/productdetails/592203/golden-circle-blended-fruit-puree-tropical-smash-lunch-box-pouch
203766,Heinz Soup Of The Day Sweet Potato With Smokey Chorizo & Chilli 430g,$4.50 ,$1.05 / 100G,/shop/productdetails/203766/heinz-soup-of-the-day-sweet-potato-with-smokey-chorizo-chilli
750736,Woolworths Canola Oil 750ml,$3.95 ,$0.53 / 100ML,/shop/productdetails/750736/woolworths-canola-oil
32687,Sunbeam Australian Lexia Raisins 375g,$5.50 ,$14.67 / 1KG,/shop/productdetails/32687/sunbeam-australian-lexia-raisins
307724,Valcom Paste Yellow Curry 230g,$3.80 ,$1.65 / 100G,/shop/productdetails/307724/valcom-paste-yellow-curry
657431,Heinz Beanz Baked Beans In Bbq Sauce Barbecue Beans 555g,$2.80 ,$0.50 / 100G,/shop/productdetails/657431/heinz-beanz-baked-beans-in-bbq-sauce-barbecue-beans
234605,Mr Chen's Soy Sauce Reduced Salt 250ml,$2.85 ,$1.14 / 100ML,/shop/productdetails/234605/mr-chen-s-soy-sauce-reduced-salt
250990,Woolworths Ground Cardamom 24g,$2.00 ,$0.83 / 10G,/shop/productdetails/250990/woolworths-ground-cardamom
105819,Woolworths Mexican Style Rice 250g,$2.75 ,$1.10 / 100G,/shop/productdetails/105819/woolworths-mexican-style-rice
321598,Cobram Estate Extra Light & Delicate Olive Oil Spray 225g,$6.50 ,$2.89 / 100G,/shop/productdetails/321598/cobram-estate-extra-light-delicate-olive-oil-spray
5306,Dilmah Ceylon Tea Bags 50 Pack,$3.10 ,$0.06 / 1EA,/shop/productdetails/5306/dilmah-ceylon-tea-bags
36957,Leggo's Sandwich Pickles Sweet Mustard Spreadable 250g,$2.50 ,$10.00 / 1KG,/shop/productdetails/36957/leggo-s-sandwich-pickles-sweet-mustard-spreadable
591707,Spc Diced Apricots In Juice Fruit Cups 4 X 120g,$4.50 ,$9.38 / 1KG,/shop/productdetails/591707/spc-diced-apricots-in-juice-fruit-cups
257305,Woolworths Vinegar Balsamic Glaze 215ml,$4.00 ,$1.86 / 100ML,/shop/productdetails/257305/woolworths-vinegar-balsamic-glaze
165155,Squeaky Gate Classic Balsamic Vinegar 500ml,$6.50 ,$1.30 / 100ML,/shop/productdetails/165155/squeaky-gate-classic-balsamic-vinegar
128898,Praise Traditional Creamy Mayonnaise 365g,$4.00 ,$1.10 / 100G,/shop/productdetails/128898/praise-traditional-creamy-mayonnaise
128898,Praise Traditional Creamy Mayonnaise 365g,$4.00 ,$1.10 / 100G,/shop/productdetails/128898/praise-traditional-creamy-mayonnaise
128898,Praise Traditional Creamy Mayonnaise 365g,$4.00 ,$1.10 / 100G,/shop/productdetails/128898/praise-traditional-creamy-mayonnaise
128898,Praise Traditional Creamy Mayonnaise 365g,$4.00 ,$1.10 / 100G,/shop/productdetails/128898/praise-traditional-creamy-mayonnaise
128898,Praise Traditional Creamy Mayonnaise 365g,$4.00 ,$1.10 / 100G,/shop/productdetails/128898/praise-traditional-creamy-mayonnaise
128898,Praise Traditional Creamy Mayonnaise 365g,$4.00 ,$1.10 / 100G,/shop/productdetails/128898/praise-traditional-creamy-mayonnaise
260099,Pureharvest Organic Almond Milk 1l,$2.00 ,$2.00 / 1L,/shop/productdetails/260099/pureharvest-organic-almond-milk
226497,The Food Company Garlic Chopped 375g,$4.99 ,$0.13 / 10G,/shop/productdetails/226497/the-food-company-garlic-chopped
95185,Higher Living Peppermint & Licorice Tea 15 Pack,$4.40 ,$0.29 / 1EA,/shop/productdetails/95185/higher-living-peppermint-licorice-tea
189561,Sunsol Low Sugar Almond Superseed & Dark Choc Muesli 400g,$7.00 ,$1.75 / 100G,/shop/productdetails/189561/sunsol-low-sugar-almond-superseed-dark-choc-muesli
35462,Three Threes Gherkins Sweet Spiced 540g,$4.00 ,$7.41 / 1KG,/shop/productdetails/35462/three-threes-gherkins-sweet-spiced
62034,Woolworths Blended Vegetable Oil 4l,$14.50 ,$0.36 / 100ML,/shop/productdetails/62034/woolworths-blended-vegetable-oil
146359,Barilla Napoletana Pasta Sauce 400g,$4.60 ,$1.15 / 100G,/shop/productdetails/146359/barilla-napoletana-pasta-sauce-napoletana
779889,Sanitarium Up&go Liquid Breakfast Caramel 12 Pack,$15.80 ,$5.27 / 1L,/shop/productdetails/779889/sanitarium-up-go-liquid-breakfast-caramel
250036,Dilmah Extra Strength Tea Bags 200 Pack,$12.50 ,$0.06 / 1EA,/shop/productdetails/250036/dilmah-extra-strength-tea-bags
195750,San Remo Fettuccine Curly Pasta No 80 500g,$2.30 ,$0.46 / 100G,/shop/productdetails/195750/san-remo-fettuccine-curly-pasta-no-80
224381,Freedom Classic Rice Puffs Cereal 250g,$5.00 ,$2.00 / 100G,/shop/productdetails/224381/freedom-classic-rice-puffs-cereal
62062,Woolworths Australian Canola Oil 4l,$14.50 ,$0.36 / 100ML,/shop/productdetails/62062/woolworths-australian-canola-oil
791179,Woolworths Mushrooms In Butter Sauce 400g,$2.90 ,$7.25 / 1KG,/shop/productdetails/791179/woolworths-mushrooms-in-butter-sauce
862909,Tcc Coconut Cream 400ml,$2.90 ,$0.73 / 100G,/shop/productdetails/862909/tcc-coconut-cream
766211,John West Anchovies 45g,$3.20 ,$71.11 / 1KG,/shop/productdetails/766211/john-west-anchovies
35546,Masterfoods Chinese 5 Spice 30g,$3.20 ,$1.07 / 10G,/shop/productdetails/35546/masterfoods-chinese-5-spice
180260,Sandhurst Olives Kalamata Pitted 500g,$5.20 ,$10.40 / 1KG,/shop/productdetails/180260/sandhurst-olives-kalamata-pitted
,,,,
,,,,
,,,,
,,,,
,,,,
,,,,
,,,,
,,,,
,,,,
,,,,
,,,,
,,,,
,,,,
,,,,
,,,,
,,,,
