64119,Don Salami Danish 200g,$8.50,$42.50 / 1KG,/shop/productdetails/64119/don-salami-danish
744022,D'orsogna Deli Fresh Spicy Chorizo Salami 80g,$4.00,$50.00 / 1KG,/shop/productdetails/744022/d-orsogna-deli-fresh-spicy-chorizo-salami
412367,Woolworths Potato & Leek Soup 300g,$3.00,$1.00 / 100G,/shop/productdetails/412367/woolworths-potato-leek-soup
792109,Bertocchi Pepper Crusted Chili Soppressa Salami Sliced From The Deli Per Kg,$36.00,$36.00 / 1KG,/shop/productdetails/792109/bertocchi-pepper-crusted-chili-soppressa-salami-sliced-from-the-deli
531194,Yumi's Zucchini & Lentil Bites 225g,$6.00,$26.67 / 1KG,/shop/productdetails/531194/yumi-s-zucchini-lentil-bites
703500,Chris' Dips Tzatziki 200g,$4.50,$2.25 / 100G,/shop/productdetails/703500/chris-dips-tzatziki
68488,Primo Hungarian Salami Hot 80g,$3.70,$46.25 / 1KG,/shop/productdetails/68488/primo-hungarian-salami-hot
744854,Woolworths Chicken & Vegetable Soup Low Fat 300g,$3.00,$1.00 / 100G,/shop/productdetails/744854/woolworths-chicken-vegetable-soup-low-fat
129693,Champagne Leg Ham Shaved From The Deli Per Kg,$22.00,$22.00 / 1KG,/shop/productdetails/129693/champagne-leg-ham-shaved-from-the-deli
421118,Woolworths Fresh Chicken Noodle Soup 300g,$3.00,$1.00 / 100G,/shop/productdetails/421118/woolworths-fresh-chicken-noodle-soup
339939,Yumi's Traditional Middle Eastern Hommus Dip 1kg,$7.50,$0.75 / 100G,/shop/productdetails/339939/yumi-s-traditional-middle-eastern-hommus-dip
546844,Woolworths Creamy Potato Salad 250g,$3.80,$1.52 / 100G,/shop/productdetails/546844/woolworths-creamy-potato-salad
64117,Don Salami Pepperoni 200g,$8.50,$42.50 / 1KG,/shop/productdetails/64117/don-salami-pepperoni
175734,D'orsogna Ham Leg Triple Smoked 97% Fat Free Shaved 1kg,$25.00,$25.00 / 1KG,/shop/productdetails/175734/d-orsogna-ham-leg-triple-smoked-97-fat-free-shaved
625348,Woolworths Hotdogs 500g,$2.50,$5.00 / 1KG,/shop/productdetails/625348/woolworths-hotdogs
625347,Woolworths Cocktail Frankfurts 500g,$2.50,$5.00 / 1KG,/shop/productdetails/625347/woolworths-cocktail-frankfurts
79005,Essentials Garlic Bread 450g,$2.30,$0.51 / 100G,/shop/productdetails/79005/essentials-garlic-bread
328044,Primo Speck Portion Min. 380g,$12.01,$31.60 / 1KG,/shop/productdetails/328044/primo-speck-portion
90848,Primo Silverside Beef 80g,$3.70,$46.25 / 1KG,/shop/productdetails/90848/primo-silverside-beef
795918,D'orsogna Ham Leg Shaved 400g,$5.70,$14.25 / 1KG,/shop/productdetails/795918/d-orsogna-ham-leg-shaved
101397,D'orsogna Deli Fresh Lightly Smoked Turkey 80g,N/A,N/A,/shop/productdetails/101397/d-orsogna-deli-fresh-lightly-smoked-turkey
741794,Don Cocktail Frankfurts From The Deli Per Kg,$9.00,$9.00 / 1KG,/shop/productdetails/741794/don-cocktail-frankfurts-from-the-deli
97588,Don Strasburg Roll 500g,$7.30,$14.60 / 1KG,/shop/productdetails/97588/don-strasburg-roll
544761,Primo Champagne Ham Thinly Sliced 100g,$3.70,$37.00 / 1KG,/shop/productdetails/544761/primo-champagne-ham-thinly-sliced
793192,Woolworths Creamy Pasta Salad 800g,$7.00,$0.88 / 100G,/shop/productdetails/793192/woolworths-creamy-pasta-salad
109519,Woolworths Tabbouleh With Mixed Grain Salad 350g,$5.80,$1.66 / 100G,/shop/productdetails/109519/woolworths-tabbouleh-with-mixed-grain-salad
778327,Woolworths Fresh Pea & Ham Soup 300g,$3.00,$1.00 / 100G,/shop/productdetails/778327/woolworths-fresh-pea-ham-soup
64118,Don Salami Hungarian Hot 200g,$8.50,$42.50 / 1KG,/shop/productdetails/64118/don-salami-hungarian-hot
730850,Don Salami Sliced Pepperoni 100g,$5.00,$50.00 / 1KG,/shop/productdetails/730850/don-salami-sliced-pepperoni
618616,Leggos Fresh Veal Tortellini 630g,$9.00,$1.43 / 100G,/shop/productdetails/618616/leggo-s-fresh-veal-tortellini
258854,Yumi's Sweet Potato & Cashews Dip 200g,$3.50,$1.75 / 100G,/shop/productdetails/258854/yumi-s-sweet-potato-cashews-dip
546845,Woolworths Creamy Pasta Salad 250g,$3.80,$1.52 / 100G,/shop/productdetails/546845/woolworths-creamy-pasta-salad
345092,Yumi's Original Falafel Balls 225g,$5.55,$24.67 / 1KG,/shop/productdetails/345092/yumi-s-original-falafel-balls
64116,Don Salami Hungarian Plain 200g,$8.50,$42.50 / 1KG,/shop/productdetails/64116/don-salami-hungarian-plain
153336,Yumi's Pumpkin & Spinach Bites 225g,$6.00,$26.67 / 1KG,/shop/productdetails/153336/yumi-s-pumpkin-spinach-bites
790677,Bertocchi Soppressa Salami With Fennel Sliced From The Deli Per Kg,$36.00,$36.00 / 1KG,/shop/productdetails/790677/bertocchi-soppressa-salami-with-fennel-sliced-from-the-deli
746376,D'orsogna Plain Streaky Bacon From The Deli Per Kg,$18.00,$18.00 / 1KG,/shop/productdetails/746376/d-orsogna-plain-streaky-bacon-from-the-deli
312270,Primo Danish Salami Mild Sliced From The Deli Per Kg,N/A,N/A,/shop/productdetails/312270/primo-danish-salami-mild-sliced-from-the-deli
79405,Woolworths Chunky Vegetable Soup 300g,$3.00,$1.00 / 100G,/shop/productdetails/79405/woolworths-chunky-vegetable-soup
54264,Latina Fresh Veal Tortellini Pasta 625g,$8.50,$1.36 / 100G,/shop/productdetails/54264/latina-fresh-veal-tortellini-pasta
923883,Obela Tzatziki Dip Classic 220g,$4.00,$1.82 / 100G,/shop/productdetails/923883/obela-tzatziki-dip-classic
71841,D'orsogna Shortcut Bacon Per Kg,$18.00,$18.00 / 1KG,/shop/productdetails/71841/d-orsogna-shortcut-bacon
531709,Yumi's Avocado Dip 200g,$3.50,$1.75 / 100G,/shop/productdetails/531709/yumi-s-avocado-dip
344206,Supreme Foods Roti Mini Chilled Meal 125g,$3.55,$2.84 / 100G,/shop/productdetails/344206/supreme-foods-roti-mini-chilled-meal
741872,Don Thin Frankfurts From The Deli Per Kg,$9.00,$9.00 / 1KG,/shop/productdetails/741872/don-thin-frankfurts-from-the-deli
328005,Primo Chorizo 2 Pack,$7.30,$29.20 / 1KG,/shop/productdetails/328005/primo-chorizo-2-pack
663734,The Salad Servers Turmeric Cauliflower & Cranberry Salad 300g,$6.95,$2.32 / 100G,/shop/productdetails/663734/the-salad-servers-turmeric-cauliflower-cranberry-salad
807105,San Marino Danish Salami 100g,$7.50,$75.00 / 1KG,/shop/productdetails/807105/san-marino-danish-salami
217404,Primo Kransky Cheese From The Deli Per Kg,N/A,N/A,/shop/productdetails/217404/primo-kransky-cheese-from-the-deli
793189,Woolworths Creamy Potato Salad 800g,$7.00,$0.88 / 100G,/shop/productdetails/793189/woolworths-creamy-potato-salad
64005,San Marino Platter Continental 180g,$13.50,$75.00 / 1KG,/shop/productdetails/64005/san-marino-platter-continental
28226,Chan's Yum Cha Vegan Spring Roll 300g,$5.50,$1.83 / 100G,/shop/productdetails/28226/chan-s-yum-cha-vegan-spring-roll
785788,Moira Mac's Oven Roasted Chicken Breast Shredded From The Deli Per Kg,$27.50,$27.50 / 1KG,/shop/productdetails/785788/moira-mac-s-oven-roasted-chicken-breast-shredded-from-the-deli
40556,Primo Kransky Double Smoked From The Deli Per Kg,$16.60,$16.60 / 1KG,/shop/productdetails/40556/primo-kransky-double-smoked-from-the-deli
81500,Yumi's Mini Hommus 65g X3 Pack,$3.50,$1.79 / 100G,/shop/productdetails/81500/yumi-s-mini-hommus
153060,V2 Plant Based Mince 400g,$7.50,$18.75 / 1KG,/shop/productdetails/153060/v2-plant-based-mince
55374,Woolworths Shortcut Bacon 500g,$8.00,$16.00 / 1KG,/shop/productdetails/55374/woolworths-shortcut-bacon
157302,The Salad Servers Quinoa Tabbouleh 300g,$6.95,$2.32 / 100G,/shop/productdetails/157302/the-salad-servers-quinoa-tabbouleh
706642,Yumi's Sesame Falafel Balls 225g,$5.55,$24.67 / 1KG,/shop/productdetails/706642/yumi-s-sesame-falafel-balls
795982,D'orsogna Ham Honey Leg Shaved 400g,$5.70,$14.25 / 1KG,/shop/productdetails/795982/d-orsogna-ham-honey-leg-shaved
546295,D'orsogna Prosciutto 100g,$7.00,$70.00 / 1KG,/shop/productdetails/546295/d-orsogna-prosciutto
775759,San Marino Soppressa Mild Salami 100g,$7.50,$75.00 / 1KG,/shop/productdetails/775759/san-marino-soppressa-mild-salami
64013,Don Famous Football Hot Dogs Skinless 375g,$6.00,$16.00 / 1KG,/shop/productdetails/64013/don-famous-football-hot-dogs-skinless
199215,D'orsogna Chorizo From The Deli Per Kg,$24.00,$24.00 / 1KG,/shop/productdetails/199215/d-orsogna-chorizo-from-the-deli
238584,V2 Plant Based Classic British Sausages 6 Pack 390g,$9.50,$24.36 / 1KG,/shop/productdetails/238584/v2-plant-based-classic-british-sausages-6-pack
321815,Leggos Fresh Ricotta & Vegetable Tortellini 630g,$9.00,$1.43 / 100G,/shop/productdetails/321815/leggo-s-fresh-ricotta-vegetable-tortellini
620121,D'orsogna Jarrah Honey Ham Off The Bone Freshly Sliced From The Deli Per Kg,$27.50,$27.50 / 1KG,/shop/productdetails/620121/d-orsogna-jarrah-honey-ham-off-the-bone-freshly-sliced-from-the-deli
807898,Mayfair Devon Slices 100g,$1.30,$13.00 / 1KG,/shop/productdetails/807898/mayfair-devon-slices
793193,Woolworths Creamy Pasta Salad 400g,$5.50,$1.38 / 100G,/shop/productdetails/793193/woolworths-creamy-pasta-salad
703502,Chris' Taramosalata Homestyle Caviar Dip 200g,$4.50,$2.25 / 100G,/shop/productdetails/703502/chris-taramosalata-homestyle-caviar-dip
210823,Chris' Homestyle Dip & Spread Tzatziki 3 Pack,$4.00,$2.22 / 100G,/shop/productdetails/210823/chris-homestyle-dip-spread-tzatziki
162725,D'orsogna Triple Smoked Leg Ham 97% Fat Free Sliced From The Deli Per Kg,$25.00,$25.00 / 1KG,/shop/productdetails/162725/d-orsogna-triple-smoked-leg-ham-97-fat-free-sliced-from-the-deli
155289,Strength Meals Co Chicken Laksa High Protein Soup 400g,$4.70,$1.18 / 100G,/shop/productdetails/155289/strength-meals-co-chicken-laksa-high-protein-soup
756107,Woolworths Corned Beef Silverside Portion 500g - 1.1kg,$20.90,$19.00 / 1KG,/shop/productdetails/756107/woolworths-corned-beef-silverside-portion
63990,San Marino Artisan Selection Platter 110g,$7.00,$63.64 / 1KG,/shop/productdetails/63990/san-marino-artisan-selection-platter
324316,Primo Ham Shredded Twin Pack 300g,$4.50,$15.00 / 1KG,/shop/productdetails/324316/primo-ham-shredded-twin-pack
775734,San Marino Prosciutto 100g,$7.50,$75.00 / 1KG,/shop/productdetails/775734/san-marino-prosciutto
48527,Hans Devon Sliced Per Kg,$9.60,$9.60 / 1KG,/shop/productdetails/48527/hans-devon-sliced
130276,Deli Leg Ham Shaved From The Deli Per Kg,$18.00,$18.00 / 1KG,/shop/productdetails/130276/deli-leg-ham-shaved-from-the-deli
868221,San Marino Salami Soppressa Hot 100g,$7.50,$75.00 / 1KG,/shop/productdetails/868221/san-marino-salami-soppressa-hot
11358,The Salad Servers Lentil Salad 800g,$11.55,$1.44 / 100G,/shop/productdetails/11358/the-salad-servers-lentil-salad
531732,Yumi's Roasted Beetroot Hommus Dip 200g,$3.50,$1.75 / 100G,/shop/productdetails/531732/yumi-s-roasted-beetroot-hommus-dip
127959,Champagne Leg Ham Sliced From The Deli Per Kg,$22.00,$22.00 / 1KG,/shop/productdetails/127959/champagne-leg-ham-sliced-from-the-deli
519549,D'orsogna Maple Glazed Streaky Bacon From The Deli Per Kg,$18.00,$18.00 / 1KG,/shop/productdetails/519549/d-orsogna-maple-glazed-streaky-bacon-from-the-deli
64114,Don Salami White Hungarian 200g,$8.50,$42.50 / 1KG,/shop/productdetails/64114/don-salami-white-hungarian
116292,Yumi's Veggie Bites Roasted Veggies & Peas 225g,$6.00,$26.67 / 1KG,/shop/productdetails/116292/yumi-s-veggie-bites-roasted-veggies-peas
71860,D'orsogna Diced Bacon Per Kg,$16.00,$16.00 / 1KG,/shop/productdetails/71860/d-orsogna-diced-bacon
513370,D'orsogna Tasty Sticks Peri Peri From The Deli Per Kg,$25.00,$25.00 / 1KG,/shop/productdetails/513370/d-orsogna-tasty-sticks-peri-peri-from-the-deli
112828,Wildly Good Kale & Zucchini Veggie Fritter Bites 210g,$6.00,$2.86 / 100G,/shop/productdetails/112828/wildly-good-kale-zucchini-veggie-fritter-bites
182017,Yumi's Traditional Middle Eastern Hommus 500g,$6.50,$1.30 / 100G,/shop/productdetails/182017/yumi-s-traditional-middle-eastern-hommus
90130,Plantein Plant Based Schnitzel 300g,$7.00,$23.33 / 1KG,/shop/productdetails/90130/plantein-plant-based-schnitzel
155851,Strength Meals Co Smoky Pea And Ham High Protein Soup 400g,$4.70,$1.18 / 100G,/shop/productdetails/155851/strength-meals-co-smoky-pea-and-ham-high-protein-soup
572265,Woolworths Zucchini Slice Chilled Meal 700g,$13.50,$1.93 / 100G,/shop/productdetails/572265/woolworths-zucchini-slice-chilled-meal
181143,Dari's Chicken Noodle Soup 550g,$5.00,$0.91 / 100G,/shop/productdetails/181143/dari-s-chicken-noodle-soup
27566,Tibaldi Signature Ham Off The Bone 120g,$4.50,$37.50 / 1KG,/shop/productdetails/27566/tibaldi-signature-ham-off-the-bone
546843,Woolworths Classic Coleslaw 250g,$3.80,$1.52 / 100G,/shop/productdetails/546843/woolworths-classic-coleslaw
789962,Don Footy Frankfurts Skinless 600g,$7.80,$13.00 / 1KG,/shop/productdetails/789962/don-footy-frankfurts-skinless
181922,Dari's Chicken & Corn Soup 550g,$5.00,$0.91 / 100G,/shop/productdetails/181922/dari-s-chicken-corn-soup
801197,From The Deli Beretta Italian Prosciutto Di Parma Freshly Sliced Per Kg,$64.00,$64.00 / 1KG,/shop/productdetails/801197/from-the-deli-beretta-italian-prosciutto-di-parma-freshly-sliced
937258,D'orsogna Premium Ham Off The Bone Shaved From The Deli Per Kg,$34.00,$34.00 / 1KG,/shop/productdetails/937258/d-orsogna-premium-ham-off-the-bone-shaved-from-the-deli
116675,V2 Plant Based Burgers 4 Pack 452g,$9.00,$19.91 / 1KG,/shop/productdetails/116675/v2-plant-based-burgers-4-pack-moisturising-spf15
55375,Woolworths Shortcut Bacon 1kg,$12.00,$12.00 / 1KG,/shop/productdetails/55375/woolworths-shortcut-bacon
810774,Rana Ricotta & Spinach Tortellini Pasta 325g,$8.00,$2.46 / 100G,/shop/productdetails/810774/rana-ricotta-spinach-tortellini-pasta
696171,Riverland Triple Smoked Ham Shaved 100g,$2.10,$21.00 / 1KG,/shop/productdetails/696171/riverland-triple-smoked-ham-shaved
180787,Dari's Hearty Chicken Soup 550g,$5.00,$0.91 / 100G,/shop/productdetails/180787/dari-s-hearty-chicken-soup
249729,Vegie Delights Plant Based Hot Dogs 300g,$7.50,$25.00 / 1KG,/shop/productdetails/249729/vegie-delights-plant-based-hot-dogs
178067,Bertocchi Chorizo Salami From The Deli Per Kg,$36.00,$36.00 / 1KG,/shop/productdetails/178067/bertocchi-chorizo-salami-from-the-deli
353946,Bertocchi Premium Boneless Leg Ham Shaved From The Deli Per Kg,$26.50,$26.50 / 1KG,/shop/productdetails/353946/bertocchi-premium-boneless-leg-ham-shaved-from-the-deli
542772,Don Donskis Mild 40g,$2.00,$50.00 / 1KG,/shop/productdetails/542772/don-donskis-mild
238197,V2 Plant Based Sausages Garlic & Herb 6 Pack,$9.50,$24.36 / 1KG,/shop/productdetails/238197/v2-plant-based-sausages-garlic-herb
360904,Perfect Italiano Shaved Parmesan 125g,$3.50,$28.00 / 1KG,/shop/productdetails/360904/perfect-italiano-shaved-parmesan
793191,Woolworths Creamy Potato Salad 400g,$5.50,$1.38 / 100G,/shop/productdetails/793191/woolworths-creamy-potato-salad
114580,The Salad Servers Jewelled Saffron Rice 800g,$11.55,$1.44 / 100G,/shop/productdetails/114580/the-salad-servers-jewelled-saffron-rice
509865,Woolworths Short Cut Bacon 200g,$4.30,$21.50 / 1KG,/shop/productdetails/509865/woolworths-short-cut-bacon
626243,Yumi's Roasted Capsicum & Cashew Dip 200g,$3.50,$1.75 / 100G,/shop/productdetails/626243/yumi-s-roasted-capsicum-cashew-dip
162607,Woolworths Vegetable Spring Rolls Chilled Meal 200g,$6.50,$3.25 / 100G,/shop/productdetails/162607/woolworths-vegetable-spring-rolls-chilled-meal
714693,Fresh Fodder Taramosalata 200g,$4.40,$2.20 / 100G,/shop/productdetails/714693/fresh-fodder-taramosalata
839321,The Salad Servers Salad Bean Medley 300g,$6.95,$2.32 / 100G,/shop/productdetails/839321/the-salad-servers-salad-bean-medley
92233,Macro Thai Green Curry Tempeh 200g,$5.50,$27.50 / 1KG,/shop/productdetails/92233/macro-thai-green-curry-tempeh
180711,Dari's Classic Vegetable Soup 550g,$5.00,$0.91 / 100G,/shop/productdetails/180711/dari-s-classic-vegetable-soup
311534,Woolworths Classic Coleslaw 800g,$7.00,$0.88 / 100G,/shop/productdetails/311534/woolworths-classic-coleslaw
48688,Hans Pepperoni Hot Rocket 15g,$0.95,$63.33 / 1KG,/shop/productdetails/48688/hans-pepperoni-hot-rocket
30936,Ingham's Chicken Sliced Roll Per Kg,$15.00,$15.00 / 1KG,/shop/productdetails/30936/ingham-s-chicken-sliced-roll
155458,Strength Meals Co Spiced Pumpkin & Lentil High Protein Soup 400g,$4.70,$1.18 / 100G,/shop/productdetails/155458/strength-meals-co-spiced-pumpkin-lentil-high-protein-soup
19080,F Mayer Danish Fetta Cheese Per Kg,$16.50,$16.50 / 1KG,/shop/productdetails/19080/f-mayer-danish-fetta-cheese-cheese
321800,Leggos Fresh Beef Tomato & Parmesan Ravioli 630g,$9.00,$1.43 / 100G,/shop/productdetails/321800/leggo-s-fresh-beef-tomato-parmesan-ravioli
120737,Yumi's Italian Olive Dip 200g,$3.50,$1.75 / 100G,/shop/productdetails/120737/yumi-s-italian-olive-dip
857954,Chris' Dips Tzatziki & Roasted Garlic 200g,$4.50,$2.25 / 100G,/shop/productdetails/857954/chris-dips-tzatziki-roasted-garlic
92235,Plantitude Chicken Free Crumbed Tenders 300g,$6.50,$21.67 / 1KG,/shop/productdetails/92235/plantitude-chicken-free-crumbed-tenders-chicken-free-crumbed-tenders
323320,Willow Farm Dip Hommus 200g,$2.50,$1.25 / 100G,/shop/productdetails/323320/willow-farm-dip-hommus
120541,Rana Ricotta & Spinach Tortellini 565g,$10.00,$1.77 / 100G,/shop/productdetails/120541/rana-ricotta-spinach-tortellini
248933,Primo Mild Salami Less Salt 80g,$3.70,$46.25 / 1KG,/shop/productdetails/248933/primo-mild-salami-less-salt
800956,Noel Smoked Spanish Jamon Serrano Freshly Sliced From The Deli Per Kg,$50.00,$50.00 / 1KG,/shop/productdetails/800956/noel-smoked-spanish-jamon-serrano-freshly-sliced-from-the-deli
129712,Deli Leg Ham Sliced From The Deli Per Kg,$18.00,$18.00 / 1KG,/shop/productdetails/129712/deli-leg-ham-sliced-from-the-deli
157168,Woolworths Egg & Bacon Potato Salad 400g,$5.80,$1.45 / 100G,/shop/productdetails/157168/woolworths-egg-bacon-potato-salad
139881,Yumi's Eggplant Mediterranean Dip 200g,$3.50,$1.75 / 100G,/shop/productdetails/139881/yumi-s-eggplant-mediterranean-dip
666702,D'orsogna Jarrah Honey Ham Off The Bone Freshly Shaved From The Deli Per Kg,$27.50,$27.50 / 1KG,/shop/productdetails/666702/d-orsogna-jarrah-honey-ham-off-the-bone-freshly-shaved-from-the-deli
153948,Thomas Dux Truffle Salami 80g,$6.00,$75.00 / 1KG,/shop/productdetails/153948/thomas-dux-truffle-salami
744838,Woolworths Fresh Minestrone Soup Low Fat 300g,$3.00,$1.00 / 100G,/shop/productdetails/744838/woolworths-fresh-minestrone-soup-low-fat
544760,Primo Ham Double Smoked 100g,$3.70,$37.00 / 1KG,/shop/productdetails/544760/primo-ham-double-smoked
382779,Woolworths Classic Coleslaw 400g,$5.50,$1.38 / 100G,/shop/productdetails/382779/woolworths-classic-coleslaw
184335,La Famiglia Garlic Bread Slices 270g,$6.00,$2.22 / 100G,/shop/productdetails/184335/la-famiglia-garlic-bread-slices
180479,Dari's Lentil Soup 550g,$5.00,$0.91 / 100G,/shop/productdetails/180479/dari-s-lentil-soup
496525,Vegie Delights Plant Based Vegie Roast 480g,$9.50,$19.79 / 1KG,/shop/productdetails/496525/vegie-delights-plant-based-vegie-roast
793415,Woolworths Creamy Pasta Salad 110g,$2.80,$2.55 / 100G,/shop/productdetails/793415/woolworths-creamy-pasta-salad
140878,San Marino Snackertaining Mild Salami & Mozzarella 100g,$8.00,$80.00 / 1KG,/shop/productdetails/140878/san-marino-snackertaining-mild-salami-mozzarella
302306,Perfect Italiano Extra Sharp Grated Parmesan 125g,$3.50,$28.00 / 1KG,/shop/productdetails/302306/perfect-italiano-extra-sharp-grated-parmesan
323321,Willow Farm Dip French Onion 200g,$2.50,$1.25 / 100G,/shop/productdetails/323321/willow-farm-dip-french-onion
624299,Woolworths Premium Roast Beef 97% Fat Free Sliced From The Deli Per Kg,$35.00,$35.00 / 1KG,/shop/productdetails/624299/woolworths-premium-roast-beef-97-fat-free-sliced-from-the-deli
859721,Perfect Italiano Romano Cheese Block 200g,$5.50,$27.50 / 1KG,/shop/productdetails/859721/perfect-italiano-romano-cheese-block
775724,San Marino Spanish Serrano 100g,$7.50,$75.00 / 1KG,/shop/productdetails/775724/san-marino-spanish-serrano
452080,Woolworths Brie 125g,$3.40,$27.20 / 1KG,/shop/productdetails/452080/woolworths-brie
65254,Unreal Co. Plant Based Chick'n Chives Sausages 350g,$6.50,$18.57 / 1KG,/shop/productdetails/65254/unreal-co-plant-based-chick-n-chives-sausages
696172,Riverland Chicken Shaved 80g,$2.10,$26.25 / 1KG,/shop/productdetails/696172/riverland-chicken-shaved
696028,Riverland Englsh Style Ham Shaved 100g,$2.10,$21.00 / 1KG,/shop/productdetails/696028/riverland-englsh-style-ham-shaved
185410,Primo Cocktail Frankfurts Cocktail 1kg,$7.40,$7.40 / 1KG,/shop/productdetails/185410/primo-cocktail-frankfurts-cocktail
54267,Latina Fresh Beef Ravioli Pasta Ravioli 625g,$8.50,$1.36 / 100G,/shop/productdetails/54267/latina-fresh-beef-ravioli-pasta-ravioli
544762,Primo Chicken Breast Thinly Sliced 80g,$3.70,$46.25 / 1KG,/shop/productdetails/544762/primo-chicken-breast-thinly-sliced
935656,D'orsogna Premium Ham Off The Bone Sliced From The Deli Per Kg,$34.00,$34.00 / 1KG,/shop/productdetails/935656/d-orsogna-premium-ham-off-the-bone-sliced-from-the-deli
780071,Obela Hommus To Go Classic & Sakata Crackers 125g,$3.50,$2.80 / 100G,/shop/productdetails/780071/obela-hommus-to-go-classic-sakata-crackers
155239,Pitango Free Range Chicken & Vegetable Soup 600g,$5.50,$0.92 / 100G,/shop/productdetails/155239/pitango-free-range-chicken-vegetable-soup
48358,Woolworths Middle Bacon 1kg,$12.00,$12.00 / 1KG,/shop/productdetails/48358/woolworths-middle-bacon-middle-rashers
334982,Hans Pork Ham Steaks 300g,$4.50,$15.00 / 1KG,/shop/productdetails/334982/hans-pork-ham-steaks
827224,Woolworths Spinach & Ricotta Tortellini Napolitana Sauce Chilled Meal 350g,$7.00,$2.00 / 100G,/shop/productdetails/827224/woolworths-spinach-ricotta-tortellini-napolitana-sauce-chilled-meal
321835,Leggos Ravioli Beef Tomato & Parmesan 360g,$3.50,$0.97 / 100G,/shop/productdetails/321835/leggo-s-ravioli-beef-tomato-parmesan
85313,Yumi's Traditional Garlic Dip 200g,$3.50,$1.75 / 100G,/shop/productdetails/85313/yumi-s-traditional-garlic-dip
545880,Primo Cabanossi 300g,$6.30,$21.00 / 1KG,/shop/productdetails/545880/primo-cabanossi
544696,Primo English Ham 100g,$3.70,$37.00 / 1KG,/shop/productdetails/544696/primo-english-ham
477040,Woolworths Semi Dried Tomatoes Mediterranean Herbs Per Kg,$28.00,$28.00 / 1KG,/shop/productdetails/477040/woolworths-semi-dried-tomatoes-mediterranean-herbs
793406,Woolworths Classic Coleslaw 110g,$2.80,$2.55 / 100G,/shop/productdetails/793406/woolworths-classic-coleslaw
25920,Woolworths Greek Salad Kit 500g,$9.50,$1.90 / 100G,/shop/productdetails/25920/woolworths-greek-salad-kit
42161,Perfect Italiano Shredded Parmesan 125g,$3.50,$28.00 / 1KG,/shop/productdetails/42161/perfect-italiano-shredded-parmesan
714664,Fresh Fodder Tzatziki 200g,$4.40,$2.20 / 100G,/shop/productdetails/714664/fresh-fodder-tzatziki
25845,Woolworths Honey Mustard Pasta Salad 400g,$5.80,$1.45 / 100G,/shop/productdetails/25845/woolworths-honey-mustard-pasta-salad
66964,The Sauce By Manu Peppercorn 150g,$5.25,$3.50 / 100G,/shop/productdetails/66964/the-sauce-by-manu-peppercorn
439703,Woolworths Olives Pitted Mediterranean Per Kg,$24.00,$24.00 / 1KG,/shop/productdetails/439703/woolworths-olives-pitted-mediterranean
215124,Yumi's Minis Roasted Veggies & Oregano 100g,$3.00,$30.00 / 1KG,/shop/productdetails/215124/yumi-s-minis-roasted-veggies-oregano
155702,Pitango Organic Pumpkin & Ginger Soup 600g,$5.50,$0.92 / 100G,/shop/productdetails/155702/pitango-organic-pumpkin-ginger-soup
25919,Woolworths Basil Pesto Pasta Salad Kit 500g,$9.50,$1.90 / 100G,/shop/productdetails/25919/woolworths-basil-pesto-pasta-salad-kit
16349,Ingham's Chicken Breast Supreme Sliced From The Deli Per Kg,$22.50,$22.50 / 1KG,/shop/productdetails/16349/ingham-s-chicken-breast-supreme-sliced-from-the-deli
531850,Yumi's Chipotle Hommus Dip 200g,$3.50,$1.75 / 100G,/shop/productdetails/531850/yumi-s-chipotle-hommus-dip
621149,Obela Tzatziki To Go Classic & Sakata Crackers 125g,$3.50,$2.80 / 100G,/shop/productdetails/621149/obela-tzatziki-to-go-classic-sakata-crackers
948485,Home Chef Quiche Lorraine Chilled Meal 700g,$9.00,$1.29 / 100G,/shop/productdetails/948485/home-chef-quiche-lorraine-chilled-meal
858574,D'orsogna Roast Chicken 320g,$5.80,$18.13 / 1KG,/shop/productdetails/858574/d-orsogna-roast-chicken
85587,Woolworths Shredded Parmesan Cheese 250g,$6.50,$26.00 / 1KG,/shop/productdetails/85587/woolworths-shredded-parmesan-cheese
807868,Perfect Italiano Parmesan Block 200g,$5.50,$27.50 / 1KG,/shop/productdetails/807868/perfect-italiano-parmesan-block
39760,Woolworths Semi Dried Tomatoes In Mediterranean Herbs 135g,$3.60,$2.67 / 100G,/shop/productdetails/39760/woolworths-semi-dried-tomatoes-in-mediterranean-herbs
334804,Primo Choice Prosciutto 100g,$7.50,$75.00 / 1KG,/shop/productdetails/334804/primo-choice-prosciutto
290982,Don Shaved Turkey 160g,$5.00,$31.25 / 1KG,/shop/productdetails/290982/don-shaved-turkey
20015,Yumi's Smoked Trout Mousse Dip 200g,$6.50,$3.25 / 100G,/shop/productdetails/20015/yumi-s-smoked-trout-mousse-dip
696181,Riverland Honey Ham Shaved 100g,$2.10,$21.00 / 1KG,/shop/productdetails/696181/riverland-honey-ham-shaved
347074,Bertocchi Double Smoked Ham Off The Bone Freshly Shaved From The Deli Per Kg,$29.00,$29.00 / 1KG,/shop/productdetails/347074/bertocchi-double-smoked-ham-off-the-bone-freshly-shaved-from-the-deli
81585,Thomas Dux Blue Stilton 150g,$5.00,$33.33 / 1KG,/shop/productdetails/81585/thomas-dux-blue-stilton
763317,Home Chef Quiche Spinach & Feta Chilled Meal 700g,$9.00,$1.29 / 100G,/shop/productdetails/763317/home-chef-quiche-spinach-feta-chilled-meal
294517,La Famiglia Garlic Bread 400g,$4.50,$1.13 / 100G,/shop/productdetails/294517/la-famiglia-garlic-bread
765665,Woolworths Australian Rare Roast Beef Sliced From The Deli Per Kg,$38.00,$38.00 / 1KG,/shop/productdetails/765665/woolworths-australian-rare-roast-beef-sliced-from-the-deli
544763,Primo Pastrami 80g,$3.70,$46.25 / 1KG,/shop/productdetails/544763/primo-pastrami
111658,Plantry Plant Based Food Pad Thai Frozen Meal 350g,$9.00,$2.57 / 100G,/shop/productdetails/111658/plantry-plant-based-food-pad-thai-frozen-meal
139812,Yumi's Creamed Spinach Dip 200g,$3.50,$1.75 / 100G,/shop/productdetails/139812/yumi-s-creamed-spinach-dip
83803,Yumi's Avocado With Sea Salt Dip 65g X3 Pack,$4.50,$2.31 / 100G,/shop/productdetails/83803/yumi-s-avocado-with-sea-salt-dip
210591,Dari's Classic Pumpkin Soup 550g,$5.00,$0.91 / 100G,/shop/productdetails/210591/dari-s-classic-pumpkin-soup
925093,Obela Smooth Classic Hommus To Go Singles 60g X3 Pack,$3.50,$1.94 / 100G,/shop/productdetails/925093/obela-smooth-classic-hommus-to-go-singles
765451,Leggos Fresh Roasted Pumpkin  & Feta Ravioli 630g,$9.00,$1.43 / 100G,/shop/productdetails/765451/leggo-s-fresh-roasted-pumpkin-feta-ravioli
452082,Woolworths Camembert Cheese 125g,$3.40,$27.20 / 1KG,/shop/productdetails/452082/woolworths-camembert-cheese
176549,Red Rock Deli Classics Mexican Style Salsa & Guacamole 190g,$4.40,$2.32 / 100G,/shop/productdetails/176549/red-rock-deli-classics-mexican-style-salsa-guacamole
212043,Dari's Chunky Minestrone Soup 550g,$5.00,$0.91 / 100G,/shop/productdetails/212043/dari-s-chunky-minestrone-soup
406591,Zanetti Pecorino Romano 200g,$12.50,$62.50 / 1KG,/shop/productdetails/406591/zanetti-pecorino-romano
56126,Woolworths Olives Kalamata Greek Pitted Per Kg,$24.00,$24.00 / 1KG,/shop/productdetails/56126/woolworths-olives-kalamata-greek-pitted
250708,Primo Bacon Pieces Twin Pack 300g,$4.50,$15.00 / 1KG,/shop/productdetails/250708/primo-bacon-pieces-twin-pack
226581,Nevana Pizza Base 12 Pack,$4.80,$0.69 / 100G,/shop/productdetails/226581/nevana-pizza-base
239184,Yumi's Classic Veggie Burgers 220g,$6.00,$27.27 / 1KG,/shop/productdetails/239184/yumi-s-classic-veggie-burgers
366113,Gotzinger Continental Franks 300g,$8.00,$26.67 / 1KG,/shop/productdetails/366113/gotzinger-continental-franks
172687,Don Kabana Traditional 200g,$5.80,$29.00 / 1KG,/shop/productdetails/172687/don-kabana-traditional
215950,Don Sopressa Salami Thinly Sliced Thinly Sliced 80g,$4.50,$56.25 / 1KG,/shop/productdetails/215950/don-sopressa-salami-thinly-sliced-thinly-sliced
326264,Yumi's Kalamata Olive Dip 200g,$3.50,$1.75 / 100G,/shop/productdetails/326264/yumi-s-kalamata-olive-dip
763087,D'orsogna Bacon Streaky 200g,$7.00,$35.00 / 1KG,/shop/productdetails/763087/d-orsogna-bacon-streaky
88352,Senza Gluten Free Pizza Base 220g,$3.50,$1.59 / 100G,/shop/productdetails/88352/senza-gluten-free-pizza-base
5033,Latina Fresh Lasagne Sheets Sheets 375g,$6.00,$1.60 / 100G,/shop/productdetails/5033/latina-fresh-lasagne-sheets-sheets
65255,Unreal Co. Plant Based Beefy Brat Sausages 350g,$6.50,$18.57 / 1KG,/shop/productdetails/65255/unreal-co-plant-based-beefy-brat-sausages
212403,Ingham's Turkey Breast Portion 400g,$10.00,$25.00 / 1KG,/shop/productdetails/212403/ingham-s-turkey-breast-portion
810775,Rana Pumpkin & Onion Ravioli Pasta 325g,$8.00,$2.46 / 100G,/shop/productdetails/810775/rana-pumpkin-onion-ravioli-pasta
773801,Sss Foods Hommus Natural 225g,$3.80,$1.69 / 100G,/shop/productdetails/773801/sss-foods-hommus-natural
89063,Don Liverwurst Latvian 100g,$2.50,$25.00 / 1KG,/shop/productdetails/89063/don-liverwurst-latvian
215395,Yumi's Minis Spiced Pumpkin & Spinach 100g,$3.00,$30.00 / 1KG,/shop/productdetails/215395/yumi-s-minis-spiced-pumpkin-spinach
128269,Don Premium Real Diced Bacon 200g,$4.00,$20.00 / 1KG,/shop/productdetails/128269/don-premium-real-diced-bacon
10239,Primo Cabanossi From The Deli Per Kg,$21.50,$21.50 / 1KG,/shop/productdetails/10239/primo-cabanossi-from-the-deli
266794,Woolworths Middle Bacon 250g,$4.30,$17.20 / 1KG,/shop/productdetails/266794/woolworths-middle-bacon-middle-cut-rashers
194494,Primo Ham Honey Shaved 100g,$3.70,$37.00 / 1KG,/shop/productdetails/194494/primo-ham-honey-shaved
751425,Beyond Meat Beyond Burger Plant Based Patties 226g,$9.00,$39.82 / 1KG,/shop/productdetails/751425/beyond-meat-beyond-burger-plant-based-patties
289210,Don Hungarian Salami 160g,$5.00,$31.25 / 1KG,/shop/productdetails/289210/don-hungarian-salami
679072,Bio Cheese Dairy Free Feta 200g,$7.20,$36.00 / 1KG,/shop/productdetails/679072/bio-cheese-dairy-free-feta
210537,Ingham's Classic Turkey Breast Oven Roasted 800g,$22.50,$28.13 / 1KG,/shop/productdetails/210537/ingham-s-classic-turkey-breast-oven-roasted
19673,Yumi's Tuna Mousse Dip 200g,$6.00,$3.00 / 100G,/shop/productdetails/19673/yumi-s-tuna-mousse-dip
669044,Hedy's Fresh Quiche Spinach & Feta Chilled Meal 1.1kg,$14.50,$1.32 / 100G,/shop/productdetails/669044/hedy-s-fresh-quiche-spinach-feta-chilled-meal
28700,Chris' Dips Spring Onion 200g,$4.50,$2.25 / 100G,/shop/productdetails/28700/chris-dips-spring-onion
304116,Latina Fresh Kids Mini Ravioli Pasta Beef & Vegetable 200g,$6.00,$3.00 / 100G,/shop/productdetails/304116/latina-fresh-kids-mini-ravioli-pasta-beef-vegetable
211671,D'orsogna Natural Hungarian Salami Gluten Free 100g,$3.50,$35.00 / 1KG,/shop/productdetails/211671/d-orsogna-natural-hungarian-salami-gluten-free
366111,Gotzinger Cheese Kransky Chipolata 400g,$10.00,$25.00 / 1KG,/shop/productdetails/366111/gotzinger-cheese-kransky-chipolata
28325,Rana Basil & Pine Nuts Tortellini Pasta 325g,$8.00,$2.46 / 100G,/shop/productdetails/28325/rana-basil-pine-nuts-tortellini-pasta
620882,Chris' Traditional French Onion 200g,$4.50,$2.25 / 100G,/shop/productdetails/620882/chris-traditional-french-onion
11303,Moira Mac's Marinated Bbq Chicken Breast Sliced Per Kg,$27.50,$27.50 / 1KG,/shop/productdetails/11303/moira-mac-s-marinated-bbq-chicken-breast-sliced
581054,Home Chef Quiche Lorraine Chilled Meal 200g,$5.00,$2.50 / 100G,/shop/productdetails/581054/home-chef-quiche-lorraine-chilled-meal
309214,South Cape Trilogy Herb Sundried Vintage Cheddar Cheese 140g,$6.50,$46.43 / 1KG,/shop/productdetails/309214/south-cape-trilogy-herb-sundried-vintage-cheddar-cheese
477866,Bertocchi Smoked Pork Bones Per Kg,$9.00,$9.00 / 1KG,/shop/productdetails/477866/bertocchi-smoked-pork-bones
122169,Rana Four Cheese Tortellini 565g,$10.00,$1.77 / 100G,/shop/productdetails/122169/rana-four-cheese-tortellini
194648,Woolworths Beef Lasagne 2kg,$13.30,$6.65 / 1KG,/shop/productdetails/194648/woolworths-beef-lasagne-null
152674,Wildly Good Original Veggie Burgers 250g,$6.00,$24.00 / 1KG,/shop/productdetails/152674/wildly-good-original-veggie-burgers
10634,Latina Fresh Beef Ravioli Pasta 375g,$8.00,$2.13 / 100G,/shop/productdetails/10634/latina-fresh-beef-ravioli-pasta
162880,Hedy's Fresh Quiche Lorraine Chilled Meal 1.1kg,$14.50,$1.32 / 100G,/shop/productdetails/162880/hedy-s-fresh-quiche-lorraine-chilled-meal
581055,Home Chef Spinach & Feta Quiche Chilled Meal 200g,$5.00,$2.50 / 100G,/shop/productdetails/581055/home-chef-spinach-feta-quiche-chilled-meal
703453,Chris' Dips Traditional Hommus 200g,$4.50,$2.25 / 100G,/shop/productdetails/703453/chris-dips-traditional-hommus
432784,Chris' Heritage Goat Cheese & Black Truffle Dip 170g,$7.00,$4.12 / 100G,/shop/productdetails/432784/chris-heritage-goat-cheese-black-truffle-dip
39758,Woolworths Pitted Kalamata Olives With Italian Vinegar 110g,$3.60,$3.27 / 100G,/shop/productdetails/39758/woolworths-pitted-kalamata-olives-with-italian-vinegar
646134,Woolworths Spaghetti Bolognese Chilled Meal 350g,$7.00,$2.00 / 100G,/shop/productdetails/646134/woolworths-spaghetti-bolognese-chilled-meal
239185,Yumi's Roasted Veggie Burger Patties 2 Pack,$6.00,$27.27 / 1KG,/shop/productdetails/239185/yumi-s-roasted-veggie-burger-patties
843231,Bertocchi Smoked Pork Meaty Hock Per Kg,$10.00,$10.00 / 1KG,/shop/productdetails/843231/bertocchi-smoked-pork-meaty-hock
67182,The Sauce By Manu Mushroom 150g,$5.25,$3.50 / 100G,/shop/productdetails/67182/the-sauce-by-manu-mushroom
652060,Woolworths Spaghetti Bolognese Bolognese Chilled Meal 1.1kg,$13.50,$1.23 / 100G,/shop/productdetails/652060/woolworths-spaghetti-bolognese-bolognese-chilled-meal
66106,Primo Bacon Short Cut Rindless 175g,$6.20,$35.43 / 1KG,/shop/productdetails/66106/primo-bacon-short-cut-rindless
476944,Bertocchi Gold Long Rindless Bacon 400g,$10.00,$25.00 / 1KG,/shop/productdetails/476944/bertocchi-gold-long-rindless-bacon
153950,Thomas Dux Wild Boar Salami 80g,$6.00,$75.00 / 1KG,/shop/productdetails/153950/thomas-dux-wild-boar-salami
112826,Wildly Good Sweetcorn & Spring Onion Veggie Fritter Bites 210g,$6.00,$2.86 / 100G,/shop/productdetails/112826/wildly-good-sweetcorn-spring-onion-veggie-fritter-bites
758125,D'orsogna Deli Fresh Ham Premium Leg 100g,$4.00,$40.00 / 1KG,/shop/productdetails/758125/d-orsogna-deli-fresh-ham-premium-leg
802583,Absolutely Wrapped Absolutely Wrapped Meat Lovers Each,$40.00,,/shop/productdetails/802583/absolutely-wrapped-absolutely-wrapped-meat-lovers
727933,D'orsogna Streaky Bacon 500g,$12.50,$25.00 / 1KG,/shop/productdetails/727933/d-orsogna-streaky-bacon
765218,Obela Hommus Smooth Classic 220g,$4.00,$1.82 / 100G,/shop/productdetails/765218/obela-hommus-smooth-classic
856823,Obela Classic Guacamole 220g,$5.50,$2.50 / 100G,/shop/productdetails/856823/obela-classic-guacamole
185280,Primo Frankfurts Slim 1kg,$7.40,$7.40 / 1KG,/shop/productdetails/185280/primo-frankfurts-slim
263854,Chris' Dips Corn Relish 200g,$4.50,$2.25 / 100G,/shop/productdetails/263854/chris-dips-corn-relish
235782,Primo Short Cut Bacon 750g,$11.00,$14.67 / 1KG,/shop/productdetails/235782/primo-short-cut-bacon
696351,Woolworths Apricot & Almond Cream Cheese 200g,$3.90,$19.50 / 1KG,/shop/productdetails/696351/woolworths-apricot-almond-cream-cheese
780072,Obela Hommus To Go Roasted Capsicum & Sakata Crackers 125g,$3.50,$2.80 / 100G,/shop/productdetails/780072/obela-hommus-to-go-roasted-capsicum-sakata-crackers
544739,Primo Pulled Chicken 150g,$6.00,$40.00 / 1KG,/shop/productdetails/544739/primo-pulled-chicken
215475,Strength Meals Co High Protein Hearty Beef Soup 400g,$4.70,$1.18 / 100G,/shop/productdetails/215475/strength-meals-co-high-protein-hearty-beef-soup
28189,Chan's Yum Cha Vegan Fried Gyoza 300g,$5.50,$1.83 / 100G,/shop/productdetails/28189/chan-s-yum-cha-vegan-fried-gyoza
317090,Steggles Pastry Chicken Enchilada Mexican Chilled Meal 500g,$9.00,$18.00 / 1KG,/shop/productdetails/317090/steggles-pastry-chicken-enchilada-mexican-chilled-meal
140165,Thomas Dux Spanish Truffle Sheep's Cheese 150g,$8.40,$56.00 / 1KG,/shop/productdetails/140165/thomas-dux-spanish-truffle-sheep-s-cheese
44977,Latina Fresh Ricotta & Spinach Agnolotti Pasta 625g,$8.50,$1.36 / 100G,/shop/productdetails/44977/latina-fresh-ricotta-spinach-agnolotti-pasta
652062,Woolworths Fettuccine Carbonara Chilled Meal 350g,$7.00,$2.00 / 100G,/shop/productdetails/652062/woolworths-fettuccine-carbonara-chilled-meal
85588,Woolworths Shaved Parmesan 250g,$6.50,$26.00 / 1KG,/shop/productdetails/85588/woolworths-shaved-parmesan
87467,Thomas Dux Triple Cream Brie 200g,$5.50,$27.50 / 1KG,/shop/productdetails/87467/thomas-dux-triple-cream-brie
828744,Woolworths Classic Potato Mash 475g,$6.00,$1.26 / 100G,/shop/productdetails/828744/woolworths-classic-potato-mash-null
110892,Strength Meals Co Chicken Stroganoff Chilled Meal 350g,$9.95,$2.84 / 100G,/shop/productdetails/110892/strength-meals-co-chicken-stroganoff-chilled-meal
65246,Wildly Good Smoky Cauliflower VeggieÂ Burgers 250g,$6.00,$24.00 / 1KG,/shop/productdetails/65246/wildly-good-smoky-cauliflower-veggie-burgers
647386,Riverina Dairy Full Cream Fetta 1kg,$17.50,$17.50 / 1KG,/shop/productdetails/647386/riverina-dairy-full-cream-fetta
805079,Ruffie Rustic Foods Smoky Bacon Leek & Cheddar Quiche 2 Pack,$14.00,$3.50 / 100G,/shop/productdetails/805079/ruffie-rustic-foods-smoky-bacon-leek-cheddar-quiche
14894,Latina Fresh Creamy Sun-dried Tomato Pasta Sauce 425g,$7.50,$1.76 / 100G,/shop/productdetails/14894/latina-fresh-creamy-sun-dried-tomato-pasta-sauce
698619,Woolworths Roasted Vegetable Quiche Chilled Meal 700g,$14.00,$2.00 / 100G,/shop/productdetails/698619/woolworths-roasted-vegetable-quiche-chilled-meal
324006,Zanetti Parmigiano Reggiano 200g,$10.00,$50.00 / 1KG,/shop/productdetails/324006/zanetti-parmigiano-reggiano-parmigiano-reggiano
366112,Gotzinger German Bratwurst 400g,$9.50,$23.75 / 1KG,/shop/productdetails/366112/gotzinger-german-bratwurst
239834,The Salad Servers Roast Tomato & White Bean Couscous' 300g,$6.95,$2.32 / 100G,/shop/productdetails/239834/the-salad-servers-roast-tomato-white-bean-couscous-
695868,Woolworths Garlic Bread Slices 270g,$3.60,$1.33 / 100G,/shop/productdetails/695868/woolworths-garlic-bread-slices
827205,Woolworths Beef Tortellini With Creamy Mushroom Sauce Chilled Meal 350g,$7.00,$2.00 / 100G,/shop/productdetails/827205/woolworths-beef-tortellini-with-creamy-mushroom-sauce-chilled-meal
118212,Plantein Plant Based Garlic Kievs 300g,N/A,N/A,/shop/productdetails/118212/plantein-plant-based-garlic-kievs
240587,Willow Farm Snacking Hommus Dip 3 Pack,$2.20,$1.22 / 100G,/shop/productdetails/240587/willow-farm-snacking-hommus-dip
304103,Latina Fresh Kids Mini Ravioli Pasta Cheese & Vegetable 200g,$6.00,$3.00 / 100G,/shop/productdetails/304103/latina-fresh-kids-mini-ravioli-pasta-cheese-vegetable
66303,Chris' Dips Sundried Tomato 200g,$4.50,$2.25 / 100G,/shop/productdetails/66303/chris-dips-sundried-tomato
696354,Woolworths Spring Onion & Chive Cream Cheese 200g,$3.90,$19.50 / 1KG,/shop/productdetails/696354/woolworths-spring-onion-chive-cream-cheese
198332,Impossible Plant Based Beef Mince 340g,N/A,N/A,/shop/productdetails/198332/impossible-plant-based-beef-mince
352931,Bertocchi Premium Boneless Leg Ham Sliced From The Deli Per Kg,$26.50,$26.50 / 1KG,/shop/productdetails/352931/bertocchi-premium-boneless-leg-ham-sliced-from-the-deli
932567,Chris' Dips French Onion 60g X3 Pack,$4.00,$2.22 / 100G,/shop/productdetails/932567/chris-dips-french-onion
143647,Chris' Plant Based French Onion Dip 200g,$4.50,$2.25 / 100G,/shop/productdetails/143647/chris-plant-based-french-onion-dip
122433,Sugo Tu Pizza Dough Chilled 200g,$2.70,$1.35 / 100G,/shop/productdetails/122433/sugo-tu-pizza-dough-chilled
205511,"Yumi's Choice Guacamole, Spring Onion & Jalapeno Dip 150g",$4.50,$3.00 / 100G,/shop/productdetails/205511/yumi-s-choice-guacamole-spring-onion-jalapeno-dip
145566,Fantastic Fresh Noodles Hokkien 450g,$2.50,$0.56 / 100G,/shop/productdetails/145566/fantastic-fresh-noodles-hokkien
239677,The Salad Servers Asian Style Noodles With Crunchy Vegetables 450g,$8.80,$1.96 / 100G,/shop/productdetails/239677/the-salad-servers-asian-style-noodles-with-crunchy-vegetables
179689,Sugo Tu Pizza Sauce Chilled 150g,$2.25,$1.50 / 100G,/shop/productdetails/179689/sugo-tu-pizza-sauce-chilled
470294,Creative Foods Chilled Garlic Bread 2 Pack 500g,$4.80,$0.96 / 100G,/shop/productdetails/470294/creative-foods-chilled-garlic-bread-2-pack
828746,Woolworths Roasted Garlic Mash 475g,$6.00,$1.26 / 100G,/shop/productdetails/828746/woolworths-roasted-garlic-mash-null
110878,Strength Meals Co Lemon Herb Chicken Chilled Meal 350g,$9.95,$2.84 / 100G,/shop/productdetails/110878/strength-meals-co-lemon-herb-chicken-chilled-meal
520533,La Famiglia Garlic Bread Just For 2 170g,$3.00,$1.76 / 100G,/shop/productdetails/520533/la-famiglia-garlic-bread-just-for-2
507910,Essentials Cooking Bacon 1kg,$9.50,$9.50 / 1KG,/shop/productdetails/507910/essentials-cooking-bacon
324007,Zanetti Firm Parmesan Cheese Grana Padano 200g,$10.00,$50.00 / 1KG,/shop/productdetails/324007/zanetti-firm-parmesan-cheese-grana-padano
808121,Mersey Valley Classic Cheese 80g,$4.80,$60.00 / 1KG,/shop/productdetails/808121/mersey-valley-classic-cheese
964767,Castello Double Cream Truffle Brie 150g,$8.00,$53.33 / 1KG,/shop/productdetails/964767/castello-double-cream-truffle
213427,V2 Plant Based Spaghetti Bolognese 350g,$9.00,$2.57 / 100G,/shop/productdetails/213427/v2-plant-based-spaghetti-bolognese
176564,D'orsogna Shortcut Bacon 1kg,$13.00,$13.00 / 1KG,/shop/productdetails/176564/d-orsogna-shortcut-bacon
696355,Woolworths Sweet Chilli Cream Cheese 200g,$3.90,$19.50 / 1KG,/shop/productdetails/696355/woolworths-sweet-chilli-cream-cheese
135205,Woolworths Stone Baked Garlic Naan Bread 2 Pack,$3.25,$1.08 / 100G,/shop/productdetails/135205/woolworths-stone-baked-garlic-naan-bread-null
407559,Woolworths Smoked Beef Pastrami Freshly Sliced From The Deli Per Kg,$31.00,$31.00 / 1KG,/shop/productdetails/407559/woolworths-smoked-beef-pastrami-freshly-sliced-from-the-deli
176001,Moira Mac's Classic Roasted Chicken Breast 350g,$7.95,$22.71 / 1KG,/shop/productdetails/176001/moira-mac-s-classic-roasted-chicken-breast
161983,Woolworths Creamy Tomato Pasta Salad Kit 600g,$9.50,$1.58 / 100G,/shop/productdetails/161983/woolworths-creamy-tomato-pasta-salad-kit
844412,Leggos Fresh Ricotta & Spinach Agnolotti 630g,$9.00,$1.43 / 100G,/shop/productdetails/844412/leggo-s-fresh-ricotta-spinach-agnolotti
151777,Thomas Dux Truffle Brie 125g,$5.00,$40.00 / 1KG,/shop/productdetails/151777/thomas-dux-truffle-brie
127766,Mayfair Knob Devon 1kg,$3.30,$3.30 / 1KG,/shop/productdetails/127766/mayfair-knob-devon
213014,Philadelphia Sweet Chilli Cream Cheese Pourover Tub 250g,$4.50,$1.80 / 100G,/shop/productdetails/213014/philadelphia-sweet-chilli-cream-cheese-pourover-tub
180392,San Marino Artisanal Mild Salami 200g,N/A,N/A,/shop/productdetails/180392/san-marino-artisanal-mild-salami
664036,Obela Hommus 1kg,$8.00,$0.80 / 100G,/shop/productdetails/664036/obela-hommus
380578,Primo Rindless Middle Bacon 250g,$6.20,$24.80 / 1KG,/shop/productdetails/380578/primo-rindless-middle-bacon
92236,Plantitude Chicken Free Crumbed Schnitzels 300g,$6.50,$21.67 / 1KG,/shop/productdetails/92236/plantitude-chicken-free-crumbed-schnitzels
290255,Don Thinly Sliced English Ham 200g,$5.00,$25.00 / 1KG,/shop/productdetails/290255/don-thinly-sliced-english-ham
783727,Three Aussie Farmers Slow Cooked Pulled Bbq Pork 250g,$10.50,$42.00 / 1KG,/shop/productdetails/783727/three-aussie-farmers-slow-cooked-pulled-bbq-pork
13916,Chris' Dips Avocado 200g,$4.50,$2.25 / 100G,/shop/productdetails/13916/chris-dips-avocado
141179,San Marino Snackertaining Hot Salami & Mozzarella 100g,$8.00,$80.00 / 1KG,/shop/productdetails/141179/san-marino-snackertaining-hot-salami-mozzarella
93235,Jarlsberg Sliced Cheese Per Kg,$34.00,$34.00 / 1KG,/shop/productdetails/93235/jarlsberg-sliced-cheese
97520,Primo Pulled Meat Slider Pork 150g,$6.00,$40.00 / 1KG,/shop/productdetails/97520/primo-pulled-meat-slider-pork
81583,Thomas Dux English Vintage Cheddar 200g,$5.00,$25.00 / 1KG,/shop/productdetails/81583/thomas-dux-english-vintage-cheddar
248391,Primo Leg Ham Sliced Less Salt 100g,$3.70,$37.00 / 1KG,/shop/productdetails/248391/primo-leg-ham-sliced-less-salt
213436,V2 Plant Based Lasagne 350g,$9.00,$2.57 / 100G,/shop/productdetails/213436/v2-plant-based-lasagne
240228,Willow Farm Avocado Dip 200g,$2.50,$1.25 / 100G,/shop/productdetails/240228/willow-farm-avocado-dip
212806,Rana Creamy Pumpkin & Cheese Tortellini 565g,$10.00,$1.77 / 100G,/shop/productdetails/212806/rana-creamy-pumpkin-cheese-tortellini
717519,La Famiglia Garlic Bread Sourdough 480g,$6.00,$1.25 / 100G,/shop/productdetails/717519/la-famiglia-garlic-bread-sourdough
179084,Woolworths Olives Green Stuffed Chilli Garlic Per Kg,$24.00,$24.00 / 1KG,/shop/productdetails/179084/woolworths-olives-green-stuffed-chilli-garlic
239518,The Salad Servers Creamy Basil Pesto Pot With Sundried Tomato 500g,$8.80,$1.76 / 100G,/shop/productdetails/239518/the-salad-servers-creamy-basil-pesto-pot-with-sundried-tomato
176963,Plantein Plant Based Sweet Chilli Tenders 300g,N/A,N/A,/shop/productdetails/176963/plantein-plant-based-sweet-chilli-tenders
28703,Chris' Dips Spicy Capsicum 200g,$4.50,$2.25 / 100G,/shop/productdetails/28703/chris-dips-spicy-capsicum
659932,Woolworths Chinese Bbq Pork From The Deli Per Kg,$31.00,$31.00 / 1KG,/shop/productdetails/659932/woolworths-chinese-bbq-pork-from-the-deli
175691,Moira Mac's Portuguese Roasted Chicken Breast 350g,$7.95,$22.71 / 1KG,/shop/productdetails/175691/moira-mac-s-portuguese-roasted-chicken-breast
178241,Don Bacon Pan Size Rindless 200g,$5.80,$29.00 / 1KG,/shop/productdetails/178241/don-bacon-pan-size-rindless
970291,Moondarra Cream Cheese Honey & Pistachio 120g,$3.90,$32.50 / 1KG,/shop/productdetails/970291/moondarra-cream-cheese-honey-pistachio
827226,Woolworths Ricotta & Spinach Cannelloni Chilled Meal 700g,$13.50,$1.93 / 100G,/shop/productdetails/827226/woolworths-ricotta-spinach-cannelloni-chilled-meal
208803,Yumi's Choice Rocket & Basil Pesto With Roasted Almonds Dip 150g,$4.50,$3.00 / 100G,/shop/productdetails/208803/yumi-s-choice-rocket-basil-pesto-with-roasted-almonds-dip
758089,D'orsogna Deli Fresh Ham Double Smoked 100g,$4.00,$40.00 / 1KG,/shop/productdetails/758089/d-orsogna-deli-fresh-ham-double-smoked
238297,Grand Italian Gitf 4 Cheese Tortellini Tortellini 325g,$6.00,$1.85 / 100G,/shop/productdetails/238297/grand-italian-gitf-4-cheese-tortellini-tortellini
95422,Maggie Beer Truffle Triple Cream Brie 200g,$11.80,$59.00 / 1KG,/shop/productdetails/95422/maggie-beer-truffle-triple-cream-brie
118215,Made With Plants Shredded Mozzarella Dairy Free 200g,$6.00,$30.00 / 1KG,/shop/productdetails/118215/made-with-plants-shredded-mozzarella-dairy-free
814850,Sunfed Chicken Free Chicken 300g,$10.00,$33.33 / 1KG,/shop/productdetails/814850/sunfed-chicken-free-chicken
305741,South Cape Trilogy Onion Chives & Smoked Cheddar Cheese 140g,$6.50,$46.43 / 1KG,/shop/productdetails/305741/south-cape-trilogy-onion-chives-smoked-cheddar-cheese
179837,Miguel Maestre Australian Free Range Spicy Pork Belly Salami 80g,$9.00,$112.50 / 1KG,/shop/productdetails/179837/miguel-maestre-australian-free-range-spicy-pork-belly-salami
153949,Thomas Dux Salami With Blue Cheese 80g,$6.00,$75.00 / 1KG,/shop/productdetails/153949/thomas-dux-salami-with-blue-cheese
620498,Pastoral Oven Roasted Pork Herb Crusted Sliced From The Deli Per Kg,$27.00,$27.00 / 1KG,/shop/productdetails/620498/pastoral-oven-roasted-pork-herb-crusted-sliced-from-the-deli
226469,Perfect Italiano Extra Sharp Parmesan Cheese 200g,$5.50,$27.50 / 1KG,/shop/productdetails/226469/perfect-italiano-extra-sharp-parmesan-cheese
439704,Woolworths Mixed Tuscan Antipasto Per Kg,$24.00,$24.00 / 1KG,/shop/productdetails/439704/woolworths-mixed-tuscan-antipasto
110876,Strength Meals Co Braised Beef Ragu Chilled Meal 350g,$9.95,$2.84 / 100G,/shop/productdetails/110876/strength-meals-co-braised-beef-ragu-chilled-meal
668984,Meredith Dairy Goat's Cheese Chevre Plain 80g,$5.00,$62.50 / 1KG,/shop/productdetails/668984/meredith-dairy-goat-s-cheese-chevre-plain
755203,"Red Rock Deli Basil Pesto, Pecorino & Cashews 150g",$4.00,$2.67 / 100G,/shop/productdetails/755203/red-rock-deli-basil-pesto-pecorino-cashews
290321,Don Italian Style Salami 160g,$5.00,$31.25 / 1KG,/shop/productdetails/290321/don-italian-style-salami
346463,Bertocchi Double Smoked Ham Off The Bone Freshly Sliced From The Deli Per Kg,$29.00,$29.00 / 1KG,/shop/productdetails/346463/bertocchi-double-smoked-ham-off-the-bone-freshly-sliced-from-the-deli
153077,Grand Italian Tuscan Finest Vodka Tomato Fresh Pasta Sauce 250g,$4.50,$1.80 / 100G,/shop/productdetails/153077/grand-italian-tuscan-finest-vodka-tomato-fresh-pasta-sauce
545716,Miguel Maestre Free Range Chorizo 200g,$10.00,$50.00 / 1KG,/shop/productdetails/545716/miguel-maestre-free-range-chorizo
85967,Thomas Dux Dutch Smoked Cheese 200g,$5.00,$25.00 / 1KG,/shop/productdetails/85967/thomas-dux-dutch-smoked-cheese
787650,Obela Hommus Garnished With Zesty Jalapenos 220g,$4.00,$1.82 / 100G,/shop/productdetails/787650/obela-hommus-garnished-with-zesty-jalapenos
66302,Chris' Dips Sweet Potato & Cashew 200g,$4.50,$2.25 / 100G,/shop/productdetails/66302/chris-dips-sweet-potato-cashew
122188,Ingham's Coating Mix Seasoning Chicken 75g,$1.05,$1.40 / 100G,/shop/productdetails/122188/ingham-s-coating-mix-seasoning-chicken
805078,Ruffie Rustic Foods Zucchini Frittata 2 Pack,$14.00,$3.50 / 100G,/shop/productdetails/805078/ruffie-rustic-foods-zucchini-frittata
830497,Woolworths Butter Chicken With Rice Chilled Meal 350g,$7.00,$2.00 / 100G,/shop/productdetails/830497/woolworths-butter-chicken-with-rice-chilled-meal
123150,Fresh Otto Wurth Frank German Style Per Kg,$17.90,$17.90 / 1KG,/shop/productdetails/123150/otto-wurth-fresh-otto-wurth-frank-german-style
152653,Made With Plants Shredded Cheddar Dairy Free 200g,$6.00,$30.00 / 1KG,/shop/productdetails/152653/made-with-plants-shredded-cheddar-dairy-free
244191,Mersey Valley Classic Cheddar Cheese 235g,$6.90,$29.36 / 1KG,/shop/productdetails/244191/mersey-valley-classic-cheddar-cheese
810868,Rana Porcini Mushroom Ravioli Pasta 325g,$8.00,$2.46 / 100G,/shop/productdetails/810868/rana-porcini-mushroom-ravioli-pasta
780861,Jase's Kitchen Pizza Base 2 Pack,$4.50,$0.75 / 100G,/shop/productdetails/780861/jase-s-kitchen-pizza-base
787662,Obela Hommus Garnished With Roasted Pinenut 220g,$4.00,$1.82 / 100G,/shop/productdetails/787662/obela-hommus-garnished-with-roasted-pinenut
90922,Antoniou Fillo Pastry 375g,$4.50,$1.20 / 100G,/shop/productdetails/90922/antoniou-fillo-pastry
24329,Snowdonia Black Bomber Cheddar 150g,$9.50,$63.33 / 1KG,/shop/productdetails/24329/snowdonia-black-bomber-cheddar
207950,Yumi's Choice Red Capsicum Pesto With Roasted Cashews Dip 150g,$4.50,$3.00 / 100G,/shop/productdetails/207950/yumi-s-choice-red-capsicum-pesto-with-roasted-cashews-dip
637441,Picasso Kitchen Pizza Base 260g,$2.50,$0.96 / 100G,/shop/productdetails/637441/picasso-kitchen-pizza-base
113938,"Picante Fresh Avocado With Capsicum, Chives & Lime 170g",$4.50,$2.65 / 100G,/shop/productdetails/113938/picante-fresh-avocado-with-capsicum-chives-lime
135503,Woolworths Sweet Corn Fritters 200g,$6.50,$3.25 / 100G,/shop/productdetails/135503/woolworths-sweet-corn-fritters-null
289247,Don Double Smoked Leg Ham 200g,$5.00,$25.00 / 1KG,/shop/productdetails/289247/don-double-smoked-leg-ham
335534,Latina Fresh Roast Chicken & Garlic Ravioli Pasta 625g,$8.50,$1.36 / 100G,/shop/productdetails/335534/latina-fresh-roast-chicken-garlic-ravioli-pasta
102477,Woolworths Marinated Danish Fetta Cheese In Herb & Garlic 300g,$6.10,$20.33 / 1KG,/shop/productdetails/102477/woolworths-marinated-danish-fetta-cheese-in-herb-garlic
85924,Jarlsberg Shaved Cheese Per Kg,$34.00,$34.00 / 1KG,/shop/productdetails/85924/jarlsberg-shaved-cheese
180442,San Marino Artisanal Hot Salami 200g,$8.50,$42.50 / 1KG,/shop/productdetails/180442/san-marino-artisanal-hot-salami
932579,Chris' Dips Hommus 60g X3 Pack,$3.75,$2.08 / 100G,/shop/productdetails/932579/chris-dips-hommus
178202,Don Bacon Pansize Double Smoked 200g,$5.80,$29.00 / 1KG,/shop/productdetails/178202/don-bacon-pansize-double-smoked
177989,"Chris' Sundried Tomato, Cashew & Feta 170g",$7.00,$4.12 / 100G,/shop/productdetails/177989/chris-sundried-tomato-cashew-feta
214829,25 Degrees South Baby Spinach And Fetta Ravioli Pasta 325g,$9.00,$2.77 / 100G,/shop/productdetails/214829/25-degrees-south-baby-spinach-and-fetta-ravioli-pasta
263846,Chris' Dips Cheese & Chive 200g,$4.50,$2.25 / 100G,/shop/productdetails/263846/chris-dips-cheese-chive
238393,Grand Italian Tuscans Finest Slow Cooked Angus Beef Ravioli 325g,$6.00,$1.85 / 100G,/shop/productdetails/238393/grand-italian-tuscans-finest-slow-cooked-angus-beef-ravioli
618612,Leggos Fresh Pasta Sauce Bolognese 450g,$6.00,$1.33 / 100G,/shop/productdetails/618612/leggo-s-fresh-pasta-sauce-bolognese
156065,The Sauce By Manu Diane Sauce 150g,$5.25,$3.50 / 100G,/shop/productdetails/156065/the-sauce-by-manu-diane-sauce
65697,Frico Maasdam Swiss Style Cheese 330g,$7.20,$21.82 / 1KG,/shop/productdetails/65697/frico-maasdam-swiss-style-cheese
640254,Prosciutto Di San Daniele Sliced 85g,$10.00,$117.65 / 1KG,/shop/productdetails/640254/prosciutto-di-san-daniele-sliced
954528,Bio Cheese Dairy Free Cheddar Slices 200g,$9.00,$45.00 / 1KG,/shop/productdetails/954528/bio-cheese-dairy-free-cheddar-slices
533193,D'orsogna Maple Glazed Streaky Bacon 200g,$7.00,$35.00 / 1KG,/shop/productdetails/533193/d-orsogna-maple-glazed-streaky-bacon
773802,Sss Foods Hommus Coriander Cummin & Mild Chilli 225g,$3.80,$1.69 / 100G,/shop/productdetails/773802/sss-foods-hommus-coriander-cummin-mild-chilli
802584,Absolutely Wrapped Vegetarian Platter Each,$40.00,,/shop/productdetails/802584/absolutely-wrapped-vegetarian-platter
290324,Don Leg Ham Shaved 200g,$5.00,$25.00 / 1KG,/shop/productdetails/290324/don-leg-ham-shaved
703614,"Red Rock Deli Dip Roasted Red Capsicum, Pecorino, Cashews & Basil 150g",$4.00,$2.67 / 100G,/shop/productdetails/703614/red-rock-deli-dip-roasted-red-capsicum-pecorino-cashews-basil
48824,Castello Blue Cheese Creamy 150g,$7.50,$50.00 / 1KG,/shop/productdetails/48824/castello-blue-cheese-creamy
98431,Ingham's Chicken Breast Supreme Shaved From The Deli Per Kg,N/A,N/A,/shop/productdetails/98431/ingham-s-chicken-breast-supreme-shaved-from-the-deli
802547,From The Deli Mediterranean Delight Platter Each,$45.00,,/shop/productdetails/802547/from-the-deli-mediterranean-delight-platter
79944,Woolworths Pumpkin & Feta Risotto With Pepitas 350g,$10.00,$2.86 / 100G,/shop/productdetails/79944/woolworths-pumpkin-feta-risotto-with-pepitas
238702,Meet Plant Based Chicken Free Strips 250g,$5.00,$20.00 / 1KG,/shop/productdetails/238702/meet-plant-based-chicken-free-strips
299265,Pilpel Dip Hummous 350g,$6.50,$1.86 / 100G,/shop/productdetails/299265/pilpel-dip-hummous
290345,Don Champagne Leg Ham 200g,$5.00,$25.00 / 1KG,/shop/productdetails/290345/don-champagne-leg-ham
827474,Woolworths Rosemary Lamb Shanks Chilled Meal 800g,$18.00,$2.25 / 100G,/shop/productdetails/827474/woolworths-rosemary-lamb-shanks-chilled-meal
81586,Thomas Dux Grana Padano 14 Months 250g,$8.50,$34.00 / 1KG,/shop/productdetails/81586/thomas-dux-grana-padano-14-months
476948,Bertocchi Gold Short Rindless Bacon 400g,$10.00,$25.00 / 1KG,/shop/productdetails/476948/bertocchi-gold-short-rindless-bacon
210742,Plantry Plant Based Food Co Pad See Ew Meal 350g,$9.00,$2.57 / 100G,/shop/productdetails/210742/plantry-plant-based-food-co-pad-see-ew-meal
68490,Primo Mortadella 100g,$3.70,$37.00 / 1KG,/shop/productdetails/68490/primo-mortadella
28059,Rana Egg Lasagne Pasta 250g,$4.00,$1.60 / 100G,/shop/productdetails/28059/rana-egg-lasagne-pasta
238198,Strength Meals Co High Protein Slow Cooked Bbq Beef With Rice And Vegetables 350g,$9.95,$2.84 / 100G,/shop/productdetails/238198/strength-meals-co-high-protein-slow-cooked-bbq-beef-with-rice-and-vegetables
618571,Leggos Fresh Napoli Sauce 450g,$6.00,$1.33 / 100G,/shop/productdetails/618571/leggo-s-fresh-napoli-sauce
227743,Bertocchi Mortadella Plain Shaved From The Deli Per Kg,$14.00,$14.00 / 1KG,/shop/productdetails/227743/bertocchi-mortadella-plain-shaved-from-the-deli
211548,Primo Chicken Schnitzel 150g,$6.00,$40.00 / 1KG,/shop/productdetails/211548/primo-chicken-schnitzel
965942,Picasso Pizza Dough Ball 250g,$2.50,$1.00 / 100G,/shop/productdetails/965942/picasso-pizza-dough-ball
96722,Maggie Beer Quince Paste 100g,$6.30,$63.00 / 1KG,/shop/productdetails/96722/maggie-beer-quince-paste
215556,V2 Plant Based Penne Bake 350g,$9.00,$2.57 / 100G,/shop/productdetails/215556/v2-plant-based-penne-bake
278216,Strength Soup Hearty Chicken 400g,$4.70,$1.18 / 100G,/shop/productdetails/278216/strength-soup-hearty-chicken
85589,Woolworths Parmesan Cheese Block 200g,$6.50,$32.50 / 1KG,/shop/productdetails/85589/woolworths-parmesan-cheese-block
140658,Primo Middle Bacon 750g,$11.00,$14.67 / 1KG,/shop/productdetails/140658/primo-middle-bacon
678734,Bio Cheese Dairy Free Pizza Shred 200g,$7.20,$36.00 / 1KG,/shop/productdetails/678734/bio-cheese-dairy-free-pizza-shred
827222,Woolworths Macaroni & Cheese Chilled Meal 350g,$7.00,$2.00 / 100G,/shop/productdetails/827222/woolworths-macaroni-cheese-chilled-meal
726028,Bertocchi Pancetta Mild Sliced From The Deli Per Kg,$36.00,$36.00 / 1KG,/shop/productdetails/726028/bertocchi-pancetta-mild-sliced-from-the-deli
55373,Woolworths Shortcut Australian Bacon 200g,$5.50,$27.50 / 1KG,/shop/productdetails/55373/woolworths-shortcut-australian-bacon
214085,Strength Meals Co High Protein Cajun Chicken 350g,$9.95,$2.84 / 100G,/shop/productdetails/214085/strength-meals-co-high-protein-cajun-chicken
693325,Woolworths Cottage Pie 350g,$7.00,$2.00 / 100G,/shop/productdetails/693325/woolworths-cottage-pie-null
312362,Chris' Dips Three Olive 200g,$4.50,$2.25 / 100G,/shop/productdetails/312362/chris-dips-three-olive
238625,Strength Meals Co Bbq Chicken & Rice With Roasted Vegetables 350g,$9.95,$2.84 / 100G,/shop/productdetails/238625/strength-meals-co-bbq-chicken-rice-with-roasted-vegetables
212774,Thomas Dux Quince Paste 100g,$3.15,$3.15 / 100G,/shop/productdetails/212774/thomas-dux-quince-paste
238729,Red Rock Deli Classics Cheesy Spinach & Garlic Cob Dip 190g,$4.40,$2.32 / 100G,/shop/productdetails/238729/red-rock-deli-classics-cheesy-spinach-garlic-cob-dip
77504,Primo Sausages Polish Sliced Per Kg,$17.50,$17.50 / 1KG,/shop/productdetails/77504/primo-sausages-polish-sliced
87468,Thomas Dux Double Cream Camembert 200g,$5.50,$27.50 / 1KG,/shop/productdetails/87468/thomas-dux-double-cream-camembert
681569,Woolworths Family Classics Cottage Pie 1.1kg,$13.50,$1.23 / 100G,/shop/productdetails/681569/woolworths-family-classics-cottage-pie-null
135884,Meredith Dairy Goats Cheese 320g,$12.99,$40.59 / 1KG,/shop/productdetails/135884/meredith-dairy-goats-cheese-in-olive-oil
204617,Bertocchi Mortadella Green Olives Sliced From The Deli Per Kg,$14.00,$14.00 / 1KG,/shop/productdetails/204617/bertocchi-mortadella-green-olives-sliced-from-the-deli
215483,Strength Meals Co High Protein Beef Fajitas With Brown Rice 350g,$9.95,$2.84 / 100G,/shop/productdetails/215483/strength-meals-co-high-protein-beef-fajitas-with-brown-rice
183624,Free From Gluten & Dairy Garlic Bread 250g,$4.50,$1.80 / 100G,/shop/productdetails/183624/free-from-gluten-dairy-garlic-bread
236518,La Famiglia Just For 2 Cheesy Garlic Bread 190g,$3.50,$1.84 / 100G,/shop/productdetails/236518/just-for-2-cheesy-garlic-bread
24358,Snowdonia Red Storm Red Leicester 150g,$9.50,$63.33 / 1KG,/shop/productdetails/24358/snowdonia-red-storm-red-leicester
161979,Woolworths Beef Lasagne 350g,$7.00,$2.00 / 100G,/shop/productdetails/161979/woolworths-beef-lasagne-null
54679,Woolworths Green Olive Stuffed With Creamy Fetta Per Kg,$24.00,$24.00 / 1KG,/shop/productdetails/54679/woolworths-green-olive-stuffed-with-creamy-fetta
208397,Nuffin Hommus Dip 200g,$4.00,$2.00 / 100G,/shop/productdetails/208397/nuffin-hommus-dip
880478,Tuckers Fruit Paste Quince 100g,$4.00,$40.00 / 1KG,/shop/productdetails/880478/tuckers-fruit-paste-quince
94130,Sunfed Boar Free Bacon Premium 120g,$6.50,$54.17 / 1KG,/shop/productdetails/94130/sunfed-boar-free-bacon-premium
161993,Woolworths Slow Cooked Beef Ragu Lasagne 700g,$13.50,$19.29 / 1KG,/shop/productdetails/161993/woolworths-slow-cooked-beef-ragu-lasagne-null
810227,Woolworths Singapore Noodles Chilled Meal 350g,$7.00,$2.00 / 100G,/shop/productdetails/810227/woolworths-singapore-noodles-chilled-meal
805414,Chris' Guacamole 200g,$4.50,$2.25 / 100G,/shop/productdetails/805414/chris-guacamole
354374,Bertocchi Authentic Leg Ham Triple Smoked 500g - 950g,$21.38,$22.50 / 1KG,/shop/productdetails/354374/bertocchi-authentic-leg-ham-triple-smoked
214863,La Famiglia Garlic Bread 250g,$3.00,$1.20 / 100G,/shop/productdetails/214863/la-famiglia-garlic-bread
14812,Bertocchi Mortadella Plain Sliced From The Deli Per Kg,$14.00,$14.00 / 1KG,/shop/productdetails/14812/bertocchi-mortadella-plain-sliced-from-the-deli
758079,D'orsogna Deli Fresh Ham Champagne Leg 100g,$4.00,$40.00 / 1KG,/shop/productdetails/758079/d-orsogna-deli-fresh-ham-champagne-leg
845773,Latina Fresh Gluten Free Ricotta & Spinach Ravioli Pasta 280g,$8.75,$3.13 / 100G,/shop/productdetails/845773/latina-fresh-gluten-free-ricotta-spinach-ravioli-pasta
277607,Dari's Creamy Pumpkin Soup 550g,$5.00,$0.91 / 100G,/shop/productdetails/277607/dari-s-creamy-pumpkin-soup
42092,Latina Fresh Spinach & Ricotta Agnolotti 375g,$8.00,$2.13 / 100G,/shop/productdetails/42092/latina-fresh-spinach-ricotta-agnolotti
81584,Thomas Dux Aged Cheddar 24 Months 200g,$5.00,$25.00 / 1KG,/shop/productdetails/81584/thomas-dux-aged-cheddar-24-months
706843,Pasta Master Beef Lasagne 1.3kg,$16.50,$12.69 / 1KG,/shop/productdetails/706843/pasta-master-beef-lasagne-null
77500,Primo Berliner Sliced Per Kg,$20.50,$20.50 / 1KG,/shop/productdetails/77500/primo-berliner-sliced
40136,Woolworths Green Olives With Chilli & Garlic 110g,$3.60,$3.27 / 100G,/shop/productdetails/40136/woolworths-green-olives-with-chilli-garlic
216932,Don Milano Salami Thinly Sliced 80g,N/A,N/A,/shop/productdetails/216932/don-milano-salami-thinly-sliced
248868,Primo Tomato & Herb Chicken Schnitzel 150g,$6.00,$40.00 / 1KG,/shop/productdetails/248868/primo-tomato-herb-chicken-schnitzel
40181,Woolworths Mixed Gourmet Olives 110g,$3.60,$3.27 / 100G,/shop/productdetails/40181/woolworths-mixed-gourmet-olives
77182,Tasmanian Heritage Double Brie Cheese 250g,$9.10,$36.40 / 1KG,/shop/productdetails/77182/tasmanian-heritage-double-brie-cheese
923890,Obela Caramelised Onion Garnished Hommus 220g,$4.00,$1.82 / 100G,/shop/productdetails/923890/obela-caramelised-onion-garnished-hommus
210781,San Marino Mild Salami With Prosciutto 80g,$7.50,$93.75 / 1KG,/shop/productdetails/210781/san-marino-mild-salami-with-prosciutto
738697,Unicorn Classic Camembert Cheese 125g,$5.50,$44.00 / 1KG,/shop/productdetails/738697/unicorn-classic-camembert-cheese
220824,Don Short Cut Rindless Bacon 200g,$5.80,$29.00 / 1KG,/shop/productdetails/220824/don-short-cut-rindless-bacon
212003,Ingham's Free Range Sous Vide Chicken Breast Lightly Seasoned 200g,$8.00,$40.00 / 1KG,/shop/productdetails/212003/ingham-s-free-range-sous-vide-chicken-breast-lightly-seasoned
288084,Don Thinly Sliced Honey Leg Ham 200g,$5.00,$25.00 / 1KG,/shop/productdetails/288084/don-thinly-sliced-honey-leg-ham
217312,Moira Mac's Ready To Eat Shredded Chicken 420g,$7.20,$17.14 / 1KG,/shop/productdetails/217312/moira-mac-s-ready-to-eat-shredded-chicken
811169,Woolworths Sweet & Sour Pork Chilled Meal 350g,$7.00,$2.00 / 100G,/shop/productdetails/811169/woolworths-sweet-sour-pork-chilled-meal
155237,Della Rosa Low Carb High Protein Pizza Base 250g,$4.50,$1.80 / 100G,/shop/productdetails/155237/della-rosa-low-carb-high-protein-pizza-base
39761,Woolworths Green Olives Fetta Filled 120g,$3.60,$3.00 / 100G,/shop/productdetails/39761/woolworths-green-olives-fetta-filled
135450,Woolworths Colossal Sicilian Olives 120g,$3.60,$3.00 / 100G,/shop/productdetails/135450/woolworths-colossal-sicilian-olives
82072,Chris' Red Capsicum & Cashew Dip & Spread 200g,$4.50,$2.25 / 100G,/shop/productdetails/82072/chris-red-capsicum-cashew-dip-spread
42091,Latina Fresh Creamy Carbonara Pasta Sauce Pasta Sauce 425g,$7.50,$1.76 / 100G,/shop/productdetails/42091/latina-fresh-creamy-carbonara-pasta-sauce-pasta-sauce
663973,Meredith Dairy Goats Cheese 550g,$20.00,$36.36 / 1KG,/shop/productdetails/663973/meredith-dairy-goats-cheese-jar
114593,Picante Chargrilled Peppers Smoky Chipotle & Panela Cheese 170g,$4.50,$2.65 / 100G,/shop/productdetails/114593/picante-chargrilled-peppers-smoky-chipotle-panela-cheese
83596,La Famiglia Pane Di Casa Garlic Bread Just For 2 190g,$3.30,$1.74 / 100G,/shop/productdetails/83596/la-famiglia-pane-di-casa-garlic-bread-just-for-2
176569,Red Rock Deli Classics Caramelised French Onion 190g,$4.40,$2.32 / 100G,/shop/productdetails/176569/red-rock-deli-classics-caramelised-french-onion
674323,Woolworths Sweet Potato Mash 475g,$6.00,$1.26 / 100G,/shop/productdetails/674323/woolworths-sweet-potato-mash-null
81571,Rana Fettuccine Pasta 325g,$6.00,$1.85 / 100G,/shop/productdetails/81571/rana-fettuccine-pasta
335531,Latina Fresh Italian Tomato With Onion & Garlic Pasta Sauce 700g,N/A,N/A,/shop/productdetails/335531/latina-fresh-italian-tomato-with-onion-garlic-pasta-sauce
614440,Riverina Dairy Reduced Fat Fetta Cheese 1kg,$17.50,$17.50 / 1KG,/shop/productdetails/614440/riverina-dairy-reduced-fat-fetta-cheese
673742,Woolworths Tasmanian Salmon With Rice Chilled Meal 400g,$13.00,$3.25 / 100G,/shop/productdetails/673742/woolworths-tasmanian-salmon-with-rice-chilled-meal
954610,Bio Cheese Dairy Free Cheddar Block 200g,$5.60,$28.00 / 1KG,/shop/productdetails/954610/bio-cheese-dairy-free-cheddar-block
237527,La Famiglia Cheesy Garlic Bread 460g,$6.50,$1.41 / 100G,/shop/productdetails/237527/cheesy-garlic-bread
81587,Thomas Dux Parmigiano Reggiano Over 12 Months 250g,$11.40,$45.60 / 1KG,/shop/productdetails/81587/thomas-dux-parmigiano-reggiano-over-12-months
77075,Guzzi's Golden Pasta Gnocchi Potato 500g,$6.00,$1.20 / 100G,/shop/productdetails/77075/guzzi-s-golden-pasta-gnocchi-potato
247618,Primo Tender Roast Bbq Pork 150g,$6.00,$40.00 / 1KG,/shop/productdetails/247618/primo-tender-roast-bbq-pork
504792,Woolworths Thai Green Chicken Curry With Rice Chilled Meal 350g,$7.00,$2.00 / 100G,/shop/productdetails/504792/woolworths-thai-green-chicken-curry-with-rice-chilled-meal
238292,Grand Italian Tuscans Finest Creamy Ricotta Spinach Agnolotti 325g,$6.00,$1.85 / 100G,/shop/productdetails/238292/grand-italian-tuscans-finest-creamy-ricotta-spinach-agnolotti
22081,Latina Fresh Egg Fettuccine Pasta 375g,$6.00,$1.60 / 100G,/shop/productdetails/22081/latina-fresh-egg-fettuccine-pasta
601940,Latina Fresh Ready Meal Angus Beef & Veg Lasagne Chilled Meal 1.6kg,$19.95,$1.25 / 100G,/shop/productdetails/601940/latina-fresh-ready-meal-angus-beef-veg-lasagne-chilled-meal
845631,Latina Fresh Gluten Free Beef Ravioli Pasta 280g,$8.75,$3.13 / 100G,/shop/productdetails/845631/latina-fresh-gluten-free-beef-ravioli-pasta
247966,Primo Chicken Breast Sliced Less Salt 80g,$3.70,$46.25 / 1KG,/shop/productdetails/247966/primo-chicken-breast-sliced-less-salt
370487,Unicorn Classic Double Brie Cheese 125g,$5.50,$44.00 / 1KG,/shop/productdetails/370487/unicorn-classic-double-brie-cheese
238743,Vegie Delights Chicken Style Sausages Meat Free 300g,$7.50,$25.00 / 1KG,/shop/productdetails/238743/vegie-delights-chicken-style-sausages-meat-free
629439,I Pastai Gnocchi Di Patate 500g,$5.00,$1.00 / 100G,/shop/productdetails/629439/i-pastai-gnocchi-di-patate
691113,Maggie Beer Triple Cream Brie 200g,$9.30,$46.50 / 1KG,/shop/productdetails/691113/maggie-beer-triple-cream-brie
638771,Picasso Kitchen Cauliflower Base 170g,$4.60,$2.71 / 100G,/shop/productdetails/638771/picasso-kitchen-cauliflower-base
930992,Jarlsberg Original Cheese Block 250g,$7.80,$31.20 / 1KG,/shop/productdetails/930992/jarlsberg-original-cheese-block
288471,Made With Plants Meat Free Bacon 160g,$7.20,$45.00 / 1KG,/shop/productdetails/288471/made-with-plants-meat-free-bacon
312793,South Cape Apricot & Almond Cream Cheese 200g,$6.50,$32.50 / 1KG,/shop/productdetails/312793/south-cape-apricot-almond-cream-cheese
210606,Plantry Plant Based Food Co Teriyaki Meal 350g,$9.00,$2.57 / 100G,/shop/productdetails/210606/plantry-plant-based-food-co-teriyaki-meal
840657,Willow Farm Hommus Dip 1kg,$5.50,$0.55 / 100G,/shop/productdetails/840657/willow-farm-hommus-dip
97995,Mil Lel Extra Sharp Parmesan & Pecorino 170g,$6.90,$40.59 / 1KG,/shop/productdetails/97995/mil-lel-extra-sharp-parmesan-pecorino
636060,Tuckers Fruit Paste Caramelised Fig 100g,$4.00,$40.00 / 1KG,/shop/productdetails/636060/tuckers-fruit-paste-caramelised-fig
812574,Della Rosa Tomato Sauce Pizza Base 280g,N/A,N/A,/shop/productdetails/812574/della-rosa-tomato-sauce-pizza-base
758131,D'orsogna Deli Fresh Ham Honey 100g,$4.00,$40.00 / 1KG,/shop/productdetails/758131/d-orsogna-deli-fresh-ham-honey
9741,Latina Fresh Beef Bolognese Pasta Sauce Pasta Sauce 425g,$7.50,$1.76 / 100G,/shop/productdetails/9741/latina-fresh-beef-bolognese-pasta-sauce-pasta-sauce
830498,Woolworths Chicken Tikka Masala With Rice Chilled Meal 350g,$7.00,$2.00 / 100G,/shop/productdetails/830498/woolworths-chicken-tikka-masala-with-rice-chilled-meal
3122,Dodoni Authentic Greek Feta Per Kg,$42.00,$42.00 / 1KG,/shop/productdetails/3122/dodoni-authentic-greek-feta-cheese
134198,Woolworths Creamy Spinach & Ricotta Cannelloni Chilled Meal 350g,$10.00,$2.86 / 100G,/shop/productdetails/134198/woolworths-creamy-spinach-ricotta-cannelloni-chilled-meal
294516,La Famiglia Garlic Bread Entertainer Slices 450g,$7.00,$1.56 / 100G,/shop/productdetails/294516/la-famiglia-garlic-bread-entertainer-slices
94989,Thomas Dux Persian Fetta Cheese 180g,$4.40,$24.44 / 1KG,/shop/productdetails/94989/thomas-dux-persian-fetta-cheese
176911,Don Kransky Cheese 2 Pack,$6.50,$32.50 / 1KG,/shop/productdetails/176911/don-kransky-cheese
111127,Obela Hommus Pistachio Lemon Dukkah 220g,$4.00,$1.82 / 100G,/shop/productdetails/111127/obela-hommus-pistachio-lemon-dukkah
527178,Tasmanian Heritage Blue Cheese Snack 80g,$4.80,$60.00 / 1KG,/shop/productdetails/527178/tasmanian-heritage-blue-cheese-snack
408416,Woolworths Smoked Beef Pastrami Freshly Shaved From The Deli Per Kg,$31.00,$31.00 / 1KG,/shop/productdetails/408416/woolworths-smoked-beef-pastrami-freshly-shaved-from-the-deli
662996,Woolworths Premium Roast Beef 97% Fat Free Shaved From The Deli Per Kg,N/A,N/A,/shop/productdetails/662996/woolworths-premium-roast-beef-97-fat-free-shaved-from-the-deli
238206,Grand Italian Tuscans Finest Veal Ravioli 325g,$6.00,$1.85 / 100G,/shop/productdetails/238206/grand-italian-tuscans-finest-veal-ravioli
118214,Made With Plants Cheddar Slices Dairy Free 200g,$4.80,$24.00 / 1KG,/shop/productdetails/118214/made-with-plants-cheddar-slices-dairy-free
109012,Woolworths Cabanossi & Tasty Cheese Bites 400g,$9.00,$22.50 / 1KG,/shop/productdetails/109012/woolworths-cabanossi-tasty-cheese-bites-cheese-cabanossi-bites
618610,Leggos Fresh Bolognese Sauce 250g,$3.50,$1.40 / 100G,/shop/productdetails/618610/leggo-s-fresh-bolognese-sauce
618613,Leggos Fresh Creamy Tomato Sauce 250g,$3.50,$1.40 / 100G,/shop/productdetails/618613/leggo-s-fresh-creamy-tomato-sauce
800132,President Brie Cheese 200g,$6.75,$33.75 / 1KG,/shop/productdetails/800132/president-brie-cheese
214577,San Marino Spanish Style Tapas 110g,$7.50,$68.18 / 1KG,/shop/productdetails/214577/san-marino-spanish-style-tapas
640123,Yarra Valley Cheese Marinated Persian Fetta 350g,$11.40,$32.57 / 1KG,/shop/productdetails/640123/yarra-valley-cheese-marinated-persian-fetta
527179,Tasmanian Heritage Double Brie Cheese Snack 80g,$4.80,$60.00 / 1KG,/shop/productdetails/527179/tasmanian-heritage-double-brie-cheese-snack
802545,Family Favourites Platter Each,$35.00,,/shop/productdetails/802545/family-favourites-platter
136262,Sicilian Olives From The Deli Per Kg,$24.00,,/shop/productdetails/136262/sicilian-olives-from-the-deli
40137,Woolworths Roasted Capsicum Strips 130g,$3.60,$2.77 / 100G,/shop/productdetails/40137/woolworths-roasted-capsicum-strips
97938,Zanetti Parmigiano Reggiano Pdo 30m 200g,$14.50,$72.50 / 1KG,/shop/productdetails/97938/zanetti-parmigiano-reggiano-pdo-30m
334936,Tasmanian Heritage Triple Cream Oval Cheese 125g,$7.50,$60.00 / 1KG,/shop/productdetails/334936/tasmanian-heritage-triple-cream-oval-cheese
744031,D'orsogna Deli Fresh Roast Chicken Free Range 100g,$4.00,$40.00 / 1KG,/shop/productdetails/744031/d-orsogna-deli-fresh-roast-chicken-free-range
177225,Tasmanian Pate Smoked Salmon & Orange Brandy Pate 190g,$5.10,$26.84 / 1KG,/shop/productdetails/177225/tasmanian-pate-smoked-salmon-orange-brandy-pate
98063,Mil Lel Shaved Parmesan 170g,$6.90,$40.59 / 1KG,/shop/productdetails/98063/mil-lel-shaved-parmesan
923888,Obela Sweet Beetroot Garnished Hommus 220g,$4.00,$1.82 / 100G,/shop/productdetails/923888/obela-sweet-beetroot-garnished-hommus
207737,Obela Hommus To Go Sweet Beetroot 3 Pack,$4.00,$2.22 / 100G,/shop/productdetails/207737/obela-hommus-to-go-sweet-beetroot
155990,Tasmanian Heritage Camembert Cheese 250g,$9.10,$36.40 / 1KG,/shop/productdetails/155990/tasmanian-heritage-camembert-cheese
81582,Thomas Dux English Red Leicester 200g,$5.00,$25.00 / 1KG,/shop/productdetails/81582/thomas-dux-english-red-leicester
29050,Mil Lel Parmesan Cheese 250g,$10.45,$41.80 / 1KG,/shop/productdetails/29050/mil-lel-parmesan-cheese
39756,Woolworths Herb Green Olives Halves 120g,$3.60,$3.00 / 100G,/shop/productdetails/39756/woolworths-herb-green-olives-halves
33857,Ingham's Roll Chicken 250g,$3.90,$15.60 / 1KG,/shop/productdetails/33857/ingham-s-roll-chicken
767976,Woolworths Quiche Lorraine Chilled Meal 700g,$14.00,$2.00 / 100G,/shop/productdetails/767976/woolworths-quiche-lorraine-chilled-meal
633638,Ob Finest Quince Paste 100g,$6.50,$65.00 / 1KG,/shop/productdetails/633638/ob-finest-quince-paste
214565,San Marino Australian Beef Salami 80g,$7.50,$93.75 / 1KG,/shop/productdetails/214565/san-marino-australian-beef-salami
145564,Latina Fresh Creamy Carbonara Pasta Sauce Creamy Carbonara 700g,$7.50,$1.07 / 100G,/shop/productdetails/145564/latina-fresh-creamy-carbonara-pasta-sauce-creamy-carbonara
215274,Birch & Waite Mushroom & Truffle Sauce Sauce 200g,$5.50,$2.75 / 100G,/shop/productdetails/215274/birch-waite-mushroom-truffle-sauce-sauce
733806,Fromager D'affinois Petit D Affinois 150g,$12.60,$84.00 / 1KG,/shop/productdetails/733806/fromager-d-affinois-petit-d-affinois
84976,Thomas Dux Manchego Cheese 150g,$5.50,$36.67 / 1KG,/shop/productdetails/84976/thomas-dux-manchego-cheese
211994,D'orsogna Natural Premium Ham Gluten Free 97% Fat Free 100g,$3.50,$35.00 / 1KG,/shop/productdetails/211994/d-orsogna-natural-premium-ham-gluten-free-97-fat-free
215262,Della Rosa Stone Baked Herb & Garlic Pizza Base 2 Pack,$5.50,$1.22 / 100G,/shop/productdetails/215262/della-rosa-stone-baked-herb-garlic-pizza-base
285268,Picasso Kitchen Stone Baked Pizza Bbq Meat Deluxe 470g,$6.50,$1.38 / 100G,/shop/productdetails/285268/picasso-kitchen-stone-baked-pizza-bbq-meat-deluxe
178902,"Ruffie Rustic Foods Smoky Bacon, Swiss Cheese & Sweet Corn Frittata 2 Pack",$14.00,$3.50 / 100G,/shop/productdetails/178902/ruffie-rustic-foods-smoky-bacon-swiss-cheese-sweet-corn-frittata
302105,Mersey Valley Original Vintage Cheese 180g,$8.70,$48.33 / 1KG,/shop/productdetails/302105/mersey-valley-original-vintage-cheese
210498,D'orsogna Natural Shortcut Bacon Gluten Free Wood Smoked 200g,$7.00,$35.00 / 1KG,/shop/productdetails/210498/d-orsogna-natural-shortcut-bacon-gluten-free-wood-smoked
239030,Birch & Waite Sichuan Style Stir Fry Sauce 200g,$5.50,$2.75 / 100G,/shop/productdetails/239030/birch-waite-sichuan-style-stir-fry-sauce
618611,Leggos Fresh Napoli Sauce 250g,$3.50,$1.40 / 100G,/shop/productdetails/618611/leggo-s-fresh-napoli-sauce
142941,Woolworths Colourful Semi Dried Tomatoes Per Kg,$28.00,$28.00 / 1KG,/shop/productdetails/142941/woolworths-colourful-semi-dried-tomatoes
248597,Moira Mac's Crumbed Chicken Schnitzels Gluten Free 2 Pack,$3.80,$22.35 / 1KG,/shop/productdetails/248597/moira-mac-s-crumbed-chicken-schnitzels-gluten-free
674327,Woolworths Curried Sausages Chilled Meal 800g,$13.50,$1.69 / 100G,/shop/productdetails/674327/woolworths-curried-sausages-chilled-meal
250854,Mersey Valley Original Cheddar Cheese 235g,$6.90,$29.36 / 1KG,/shop/productdetails/250854/mersey-valley-original-cheddar-cheese
215278,Pitango Free Range Chicken Sweet Corn & Noodle Soup 600g,$5.50,$0.92 / 100G,/shop/productdetails/215278/pitango-free-range-chicken-sweet-corn-noodle-soup
40365,South Cape Brie 200g,$7.50,$37.50 / 1KG,/shop/productdetails/40365/south-cape-brie
113961,Picante Jalapeno & Sour Cream With Fresh Coriander 170g,$4.50,$2.65 / 100G,/shop/productdetails/113961/picante-jalapeno-sour-cream-with-fresh-coriander
91380,Marsh's Extra Tasty Cheddar Cheese 300g - 500g,$9.05,$18.10 / 1KG,/shop/productdetails/91380/marsh-s-extra-tasty-cheddar-cheese
238875,South Cape Australian Havarti 180g,$4.80,$26.67 / 1KG,/shop/productdetails/238875/south-cape-australian-havarti
732051,Unicorn Classic Triple Cream Cheese 125g,N/A,N/A,/shop/productdetails/732051/unicorn-classic-triple-cream-cheese
123591,My Muscle Chef Crumbed Chicken Roasted Potatoes Chilled Meal 340g,$11.95,$3.51 / 100G,/shop/productdetails/123591/my-muscle-chef-crumbed-chicken-roasted-potatoes-chilled-meal
91226,My Muscle Chef Pesto Chicken Pasta Chilled Meal 330g,$11.95,$3.62 / 100G,/shop/productdetails/91226/my-muscle-chef-pesto-chicken-pasta-chilled-meal
216733,Don Short Cut Rindless Bacon Twin Pack 500g,$12.00,$24.00 / 1KG,/shop/productdetails/216733/don-short-cut-rindless-bacon-twin-pack
33782,Castello Tropical Fruit And Almond Cream Cheese 125g,$3.00,$24.00 / 1KG,/shop/productdetails/33782/castello-tropical-fruit-and-almond-cream-cheese
54688,Woolworths Green Olive Half Marinated Per Kg,$24.00,$24.00 / 1KG,/shop/productdetails/54688/woolworths-green-olive-half-marinated
277781,Johnny Wong Hokkien Noodles 500g,$3.50,$0.70 / 100G,/shop/productdetails/277781/johnny-wong-hokkien-noodles
238921,South Cape Australian Gouda 180g,$4.80,$26.67 / 1KG,/shop/productdetails/238921/south-cape-australian-gouda
124279,Thomas Dux Creamy Blue Cheese 200g,$6.00,$30.00 / 1KG,/shop/productdetails/124279/thomas-dux-creamy-blue-cheese
331773,South Cape Smoked Club Cheddar Vintage Cheese 140g,$6.50,$46.43 / 1KG,/shop/productdetails/331773/south-cape-smoked-club-cheddar-vintage-cheese
125475,Mayfair Knob Ham & Chicken 1kg,$3.50,$3.50 / 1KG,/shop/productdetails/125475/mayfair-knob-ham-chicken
532958,D'orsogna Natural Leg Ham Portion 700g,$14.00,$20.00 / 1KG,/shop/productdetails/532958/d-orsogna-natural-leg-ham-portion
140164,Thomas Dux Le Gruyere Cheese 150g,$9.50,$63.33 / 1KG,/shop/productdetails/140164/thomas-dux-le-gruyere-cheese
214672,Miguel Maestre Free Range Chorizo Pepperoni 80g,$9.00,$112.50 / 1KG,/shop/productdetails/214672/miguel-maestre-free-range-chorizo-pepperoni
178806,My Muscle Chef Spaghetti Bolognese 330g,$11.95,$3.62 / 100G,/shop/productdetails/178806/my-muscle-chef-spaghetti-bolognese
369960,Frico Maasdam Shaved Cheese Per Kg,$30.00,$30.00 / 1KG,/shop/productdetails/369960/frico-maasdam-shaved-cheese
286209,Picasso Kitchen Stone Baked Pizza Double Pepperoni 420g,$6.50,$1.55 / 100G,/shop/productdetails/286209/picasso-kitchen-stone-baked-pizza-double-pepperoni
277297,Strength Meals Co Slow Cooked Beef Lasagne Beef Lasagne 350g,$9.95,$2.84 / 100G,/shop/productdetails/277297/strength-meals-co-slow-cooked-beef-lasagne-beef-lasagne
214783,25 Degrees South Native Pumpkin Ricotta Ravioli Pasta 325g,$9.00,$2.77 / 100G,/shop/productdetails/214783/25-degrees-south-native-pumpkin-ricotta-ravioli-pasta
652343,Beretta Prosciutto Di Parma 85g,N/A,N/A,/shop/productdetails/652343/beretta-prosciutto-di-parma
91648,My Muscle Chef Chipotle Chick Burrito Bowl Chilled Meal 450g,$11.95,$2.66 / 100G,/shop/productdetails/91648/my-muscle-chef-chipotle-chick-burrito-bowl-chilled-meal
331770,South Cape Club Cheddar Vintage Cheese 140g,$6.50,$46.43 / 1KG,/shop/productdetails/331770/south-cape-club-cheddar-vintage-cheese
278049,My Muscle Chef Beef Ravioli With Napolitana Sauce 380g,$11.95,$3.14 / 100G,/shop/productdetails/278049/my-muscle-chef-beef-ravioli-with-napolitana-sauce
278397,Dari's Pea & Ham Soup 550g,$5.00,$0.91 / 100G,/shop/productdetails/278397/dari-s-pea-ham-soup
581283,Woolworths Potato Bacon Bake 650g,$12.50,$1.92 / 100G,/shop/productdetails/581283/woolworths-potato-bacon-bake
208804,Nuffin Chive & Onion Dip 200g,$4.00,$2.00 / 100G,/shop/productdetails/208804/nuffin-chive-onion-dip
99423,Chris' Hommus & Roasted Garlic Dip & Spread 200g,$4.50,$2.25 / 100G,/shop/productdetails/99423/chris-hommus-roasted-garlic-dip-spread
823696,Chris' Heritage Dips Vintage Cheddar & Caramelised Onion Cheese 170g,$7.00,$4.12 / 100G,/shop/productdetails/823696/chris-heritage-dips-vintage-cheddar-caramelised-onion-cheese
248117,Chris' Homestyle Corn Relish 3 X 60g,$2.75,$1.53 / 100G,/shop/productdetails/248117/chris-homestyle-corn-relish
48920,Castello Brie Double Cream 150g,$7.50,$50.00 / 1KG,/shop/productdetails/48920/castello-brie-double-cream
135211,Woolworths Crumbed Haloumi Chips 180g,$6.50,$3.61 / 100G,/shop/productdetails/135211/woolworths-crumbed-haloumi-chips-null
40555,Primo Pepperoni Sausage Per Kg,$29.35,$29.35 / 1KG,/shop/productdetails/40555/primo-pepperoni-sausage
176969,Red Rock Deli Classics Sweet Chilli & Sour Cream 190g,$4.40,$2.32 / 100G,/shop/productdetails/176969/red-rock-deli-classics-sweet-chilli-sour-cream
134251,Woolworths Roasted Garlic Mash Lamb Shepherd's Pie 700g,$14.50,$2.07 / 100G,/shop/productdetails/134251/woolworths-roasted-garlic-mash-lamb-shepherd-s-pie
85721,Double Merino Pastry Gow Gee 275g,$2.90,$1.05 / 100G,/shop/productdetails/85721/double-merino-pastry-gow-gee
92802,My Muscle Chef Satay Chicken With Basmati Rice & Green Peas 330g,$11.95,$11.95 / 1EA,/shop/productdetails/92802/my-muscle-chef-satay-chicken-with-basmati-rice-green-peas
527330,South Cape Havarti Cheese Snack 80g,$4.80,$60.00 / 1KG,/shop/productdetails/527330/south-cape-havarti-cheese-snack
312799,South Cape Onion & Chives Cream Cheese 200g,$6.50,$32.50 / 1KG,/shop/productdetails/312799/south-cape-onion-chives-cream-cheese
316043,Meredith Dairy Plain Goats Cheese 150g,$9.00,$60.00 / 1KG,/shop/productdetails/316043/meredith-dairy-plain-goats-cheese
219684,Don Stix Mild Salami & Tasty Cheese 40g,$2.00,$50.00 / 1KG,/shop/productdetails/219684/don-stix-mild-salami-tasty-cheese
808130,Mersey Valley Pickled Onion Cheese 80g,$4.80,$60.00 / 1KG,/shop/productdetails/808130/mersey-valley-pickled-onion-cheese
662572,Leggos Fresh Carbonara Sauce 450g,$6.00,$1.33 / 100G,/shop/productdetails/662572/leggo-s-fresh-carbonara-sauce
96489,Unicorn Classic Chilli Brie 125g,$5.50,$44.00 / 1KG,/shop/productdetails/96489/unicorn-classic-chilli-brie
331791,South Cape Entertaining Platter 4 Cheese Selections 435g,$22.00,$50.57 / 1KG,/shop/productdetails/331791/south-cape-entertaining-platter-4-cheese-selections
246866,Chris' Homestyle Dips Avocado 3 X 60g,$2.75,$1.53 / 100G,/shop/productdetails/246866/chris-homestyle-dips-avocado
800151,President Camembert Cheese 200g,$6.75,$33.75 / 1KG,/shop/productdetails/800151/president-camembert-cheese
83431,Latina Fresh Gluten Free Lasagne Sheets 280g,$8.75,$3.13 / 100G,/shop/productdetails/83431/latina-fresh-gluten-free-lasagne-sheets
249316,Primo Entertaining Cabanossi Bites Gluten Free 200g,$4.80,$24.00 / 1KG,/shop/productdetails/249316/primo-entertaining-cabanossi-bites-gluten-free
135505,Woolworths Pea & Fetta Zucchini Fritters 200g,$6.50,$3.25 / 100G,/shop/productdetails/135505/woolworths-pea-fetta-zucchini-fritters-null
133471,Tasmanian Pate Smoked Salmon & Cracked Pepper Pate 130g,$5.00,$38.46 / 1KG,/shop/productdetails/133471/tasmanian-pate-smoked-salmon-cracked-pepper-pate
290256,Don Mini Kabana 140g,$5.00,$35.71 / 1KG,/shop/productdetails/290256/don-mini-kabana
426358,Latina Fresh Beef Lasagne 350g,$7.50,$2.14 / 100G,/shop/productdetails/426358/latina-fresh-beef-lasagne-null
323959,Frico Dutch Smoked Cheese 150g,$7.70,$51.33 / 1KG,/shop/productdetails/323959/frico-dutch-smoked-cheese
35996,Ever Green Chow Mein Noodles 280g,$2.70,$0.96 / 100G,/shop/productdetails/35996/ever-green-chow-mein-noodles
923918,Red Rock Deli Roast Pumpkin Caramelised Onion & Cashew Dip 150g,$4.00,$2.67 / 100G,/shop/productdetails/923918/red-rock-deli-roast-pumpkin-caramelised-onion-cashew-dip
2205,Tasmanian Heritage Camembert Cheese 125g,$7.50,$60.00 / 1KG,/shop/productdetails/2205/tasmanian-heritage-camembert-cheese
87469,Thomas Dux Danish Blue Cheese 100g,$4.40,$44.00 / 1KG,/shop/productdetails/87469/thomas-dux-danish-blue-cheese
796631,Mediterranean Delite Garlic Dip 200g,$3.30,$1.65 / 100G,/shop/productdetails/796631/mediterranean-delite-garlic-dip
280997,The Salad Servers Veggie Loaded Fried Rice 800g,$11.55,$1.44 / 100G,/shop/productdetails/280997/the-salad-servers-veggie-loaded-fried-rice
693324,Woolworths Bangers & Mash Chilled Meal 350g,$7.00,$2.00 / 100G,/shop/productdetails/693324/woolworths-bangers-mash-chilled-meal
180011,Chan's Yum Cha Pork & Chive Gyoza 250g,$5.50,$2.20 / 100G,/shop/productdetails/180011/chan-s-yum-cha-pork-chive-gyoza
209376,Plantitude Cheezy & Crispy Crumbed Sweet Potato 300g,$7.50,$2.50 / 100G,/shop/productdetails/209376/plantitude-cheezy-crispy-crumbed-sweet-potato
210609,Primo Mild Beef Fajita 140g,$6.00,$42.86 / 1KG,/shop/productdetails/210609/primo-mild-beef-fajita
109916,Obela Hommus Roasted Capsicum 220g,$4.00,$1.82 / 100G,/shop/productdetails/109916/obela-hommus-roasted-capsicum
218133,Woolworths Hickory Half Leg Ham 600g - 1.05kg,$23.10,$22.00 / 1KG,/shop/productdetails/218133/woolworths-hickory-half-leg-ham
765177,Obela Hommus Savoury Garlic 220g,$4.00,$1.82 / 100G,/shop/productdetails/765177/obela-hommus-savoury-garlic
241114,Willow Farm Gherkin Dip 200g,$2.50,$1.25 / 100G,/shop/productdetails/241114/willow-farm-gherkin-dip
60594,Meredith Dairy Goats Cheese 100g,$5.00,$50.00 / 1KG,/shop/productdetails/60594/meredith-dairy-goats-cheese
527275,Tasmanian Heritage Camembert Cheese Snack 80g,$4.80,$60.00 / 1KG,/shop/productdetails/527275/tasmanian-heritage-camembert-cheese-snack
278461,My Muscle Chef Thai Green Chicken Curry With Rice 320g,$11.95,$3.73 / 100G,/shop/productdetails/278461/my-muscle-chef-thai-green-chicken-curry-with-rice
109013,Woolworths Antipasto & Cheese Platter 380g,$16.50,$43.42 / 1KG,/shop/productdetails/109013/woolworths-antipasto-cheese-platter
97106,Mil Lel Shredded Parmesan 170g,$6.90,$40.59 / 1KG,/shop/productdetails/97106/mil-lel-shredded-parmesan
239449,Obela Everday Smooth Classic Hommus 450g,$6.00,$1.33 / 100G,/shop/productdetails/239449/obela-everday-smooth-classic-hommus
280064,Strength Meals Co Chicken Cacciatore 350g,$9.95,$2.84 / 100G,/shop/productdetails/280064/strength-meals-co-chicken-cacciatore
626487,Bertocchi Gold Thin & Crispy Middle Bacon 400g,$10.00,$25.00 / 1KG,/shop/productdetails/626487/bertocchi-gold-thin-crispy-middle-bacon
98018,Yarra Valley Double Brie 200g,$9.40,$47.00 / 1KG,/shop/productdetails/98018/yarra-valley-double-brie
294972,Tibaldi Ham Off The Bone 500g,$16.00,$32.00 / 1KG,/shop/productdetails/294972/tibaldi-ham-off-the-bone
202497,Primo Bacon Lean Shortcut 350g,$8.75,$25.00 / 1KG,/shop/productdetails/202497/primo-bacon-lean-shortcut
302096,Mersey Valley Extra Tasty Cheese 180g,$8.70,$48.33 / 1KG,/shop/productdetails/302096/mersey-valley-extra-tasty-cheese
127095,Woolworths Classic Butter Chicken Chilled Meal 400g,$8.90,$2.23 / 100G,/shop/productdetails/127095/woolworths-classic-butter-chicken-chilled-meal
110572,Castello Soft Mild Blue Cheese 300g,$14.50,$48.33 / 1KG,/shop/productdetails/110572/castello-soft-mild-blue-cheese
278198,Fast Fuel Meals Chicken Laksa 350g,$4.50,$1.29 / 100G,/shop/productdetails/278198/fast-fuel-meals-chicken-laksa
744757,From The Deli Grazing Table Platter Each,$65.00,,/shop/productdetails/744757/from-the-deli-grazing-table-platter
278366,Johnny Wong Stir Fry Rice Noodles 400g,N/A,N/A,/shop/productdetails/278366/johnny-wong-stir-fry-rice-noodles
923892,Obela Spicy Harissa Garnished Hommus 220g,$4.00,$1.82 / 100G,/shop/productdetails/923892/obela-spicy-harissa-garnished-hommus
139501,Thomas Dux Spanish Truffle Sheep's Cheese From The Deli Per Kg,$78.00,$78.00 / 1KG,/shop/productdetails/139501/thomas-dux-spanish-truffle-sheep-s-cheese-from-the-deli
629482,I Pastai Tortellone Wagyu Beef 300g,$7.00,$2.33 / 100G,/shop/productdetails/629482/i-pastai-tortellone-wagyu-beef
19115,South Cape Marinated Fetta 350g,$11.50,$32.86 / 1KG,/shop/productdetails/19115/south-cape-marinated-fetta
40143,Woolworths Baby Pepper Bells Fetta Filled 120g,$3.60,$3.00 / 100G,/shop/productdetails/40143/woolworths-baby-pepper-bells-fetta-filled
198284,Impossible Plant Based Beef Burger 227g,$9.50,$41.85 / 1KG,/shop/productdetails/198284/impossible-plant-based-beef-burger
703683,"Red Rock Deli Dip Beetroot, Feta & Cashew 150g",$4.00,$2.67 / 100G,/shop/productdetails/703683/red-rock-deli-dip-beetroot-feta-cashew
775748,San Marino Spicy Chorizo 100g,$7.50,$75.00 / 1KG,/shop/productdetails/775748/san-marino-spicy-chorizo
117369,Castello Mini Cheeses Creamy Blue 5 Pack,$5.50,$57.89 / 1KG,/shop/productdetails/117369/castello-mini-cheeses-creamy-blue
234582,Normandie Pate Chicken & Black Peppercorns 150g,$5.10,$34.00 / 1KG,/shop/productdetails/234582/normandie-pate-chicken-black-peppercorns
312798,South Cape Herb & Garlic Cream Cheese 200g,$6.50,$32.50 / 1KG,/shop/productdetails/312798/south-cape-herb-garlic-cream-cheese
218851,Don Stix Hot Salami & Tasty Cheese 40g,$2.00,$50.00 / 1KG,/shop/productdetails/218851/don-stix-hot-salami-tasty-cheese
207752,Obela Extra Rich Tahini Hommus 200g,$4.00,$2.00 / 100G,/shop/productdetails/207752/obela-extra-rich-tahini-hommus
28123,South Cape Camembert Cheese 200g,$7.50,$37.50 / 1KG,/shop/productdetails/28123/south-cape-camembert-cheese
277921,Fast Fuel Meals Pumpkin Ginger Soup 350g,$4.50,$1.29 / 100G,/shop/productdetails/277921/fast-fuel-meals-pumpkin-ginger-soup
214505,Miguel Maestre Australian Free Range Chorizo Sticks 100g,$9.00,$90.00 / 1KG,/shop/productdetails/214505/miguel-maestre-australian-free-range-chorizo-sticks
210571,Grand Italian Tuscan Finest Organic Tomato With Fresh Basil Pasta Sauce 250g,$4.50,$1.80 / 100G,/shop/productdetails/210571/grand-italian-tuscan-finest-organic-tomato-with-fresh-basil-pasta-sauce
140718,San Marino Snackertaining Prosciutto & Mozzarella 85g,$8.00,$94.12 / 1KG,/shop/productdetails/140718/san-marino-snackertaining-prosciutto-mozzarella
97912,Mifroma Le Gruyere 150g,$9.40,$62.67 / 1KG,/shop/productdetails/97912/mifroma-le-gruyere
285334,Yumi's Hommus Zesty Lemon 200g,$3.50,$1.75 / 100G,/shop/productdetails/285334/yumi-s-hommus-zesty-lemon
331721,King Island Dairy Stokes Point Smoked Cheddar Cheese 170g,$10.95,$64.41 / 1KG,/shop/productdetails/331721/king-island-dairy-stokes-point-smoked-cheddar-cheese
213120,25degrees South Victorian Three Cheese Ravioli Pasta 325g,$9.00,$2.77 / 100G,/shop/productdetails/213120/25degrees-south-victorian-three-cheese-ravioli-pasta
139116,Thomas Dux Pecorino Romano From The Deli Per Kg,$57.00,$57.00 / 1KG,/shop/productdetails/139116/thomas-dux-pecorino-romano-from-the-deli
580252,D'orsogna Mini Champagne Leg Ham 850g,$15.00,$17.65 / 1KG,/shop/productdetails/580252/d-orsogna-mini-champagne-leg-ham
87470,Thomas Dux Ash Brie 125g,$5.00,$40.00 / 1KG,/shop/productdetails/87470/thomas-dux-ash-brie
214184,Beyond Meatballs 290g,$14.00,$48.28 / 1KG,/shop/productdetails/214184/beyond-meatballs
775750,San Marino Platter Antipasto 240g,$16.00,$66.67 / 1KG,/shop/productdetails/775750/san-marino-platter-antipasto
277762,Fast Fuel Meals Chicken Corn Soup 350g,$4.50,$1.29 / 100G,/shop/productdetails/277762/fast-fuel-meals-chicken-corn-soup
277777,Dari's Classic Chicken Noodle Soup 550g,$5.00,$0.91 / 100G,/shop/productdetails/277777/dari-s-classic-chicken-noodle-soup
178960,South Cape Cream Cheese Apricot & Almond With Sweet Papaya 80g,$4.80,$60.00 / 1KG,/shop/productdetails/178960/south-cape-cream-cheese-apricot-almond-with-sweet-papaya
923912,Red Rock Deli Roast Tomato Feta Basil & Cashew Dip 150g,$4.00,$2.67 / 100G,/shop/productdetails/923912/red-rock-deli-roast-tomato-feta-basil-cashew-dip
716246,Chris' Dips Egyptian Beetroot 200g,$4.50,$2.25 / 100G,/shop/productdetails/716246/chris-dips-egyptian-beetroot
823695,"Chris' Heritage Dips Blue Cheese, Fig & Pistachio 170g",$7.00,$4.12 / 100G,/shop/productdetails/823695/chris-heritage-dips-blue-cheese-fig-pistachio
183797,Woolworths Calorie Controlled Beef Casserole With Mash 350g,$7.00,$2.00 / 100G,/shop/productdetails/183797/woolworths-calorie-controlled-beef-casserole-with-mash
212050,D'orsogna Natural Double Smoked Ham Gluten Free 97% Fat Free 100g,$3.50,$35.00 / 1KG,/shop/productdetails/212050/d-orsogna-natural-double-smoked-ham-gluten-free-97-fat-free
135208,Woolworths Basil Pesto Arancini Bites 200g,$6.50,$3.25 / 100G,/shop/productdetails/135208/woolworths-basil-pesto-arancini-bites-null
212935,Primo Salt Reduced Short Cut Bacon 200g,$6.20,$31.00 / 1KG,/shop/productdetails/212935/primo-salt-reduced-short-cut-bacon
278005,Fast Fuel Meals Potato Leek Soup 350g,$4.50,$1.29 / 100G,/shop/productdetails/278005/fast-fuel-meals-potato-leek-soup
312801,South Cape Cracked Pepper Cream Cheese 200g,$6.50,$32.50 / 1KG,/shop/productdetails/312801/south-cape-cracked-pepper-cream-cheese
98976,Yarra Valley Camembert 200g,$9.40,$47.00 / 1KG,/shop/productdetails/98976/yarra-valley-camembert
161980,Woolworths Macaroni & Cheese Chilled Meal 1.1kg,$13.50,$1.23 / 100G,/shop/productdetails/161980/woolworths-macaroni-cheese-chilled-meal
183800,"Woolworths Calorie Controlled Ricotta, Pumpkin & Spinach Cannelloni 350g",$7.00,$2.00 / 100G,/shop/productdetails/183800/woolworths-calorie-controlled-ricotta-pumpkin-spinach-cannelloni
284855,Yumi's Hommus Roasted Garlic 200g,$3.50,$1.75 / 100G,/shop/productdetails/284855/yumi-s-hommus-roasted-garlic
82074,Chris' Spicy Jalapeno Dip & Spread 200g,$4.50,$2.25 / 100G,/shop/productdetails/82074/chris-spicy-jalapeno-dip-spread
239543,Birch & Waite Pad Thai Stir Fry Sauce 200g,$5.50,$2.75 / 100G,/shop/productdetails/239543/birch-waite-pad-thai-stir-fry-sauce
238903,South Cape Australian Edam 180g,$4.80,$26.67 / 1KG,/shop/productdetails/238903/south-cape-australian-edam
694706,Primo Rindless Middle Bacon 500g,$13.55,$27.10 / 1KG,/shop/productdetails/694706/primo-rindless-middle-bacon
40139,Woolworths Chargrilled Eggplant 120g,$3.60,$3.00 / 100G,/shop/productdetails/40139/woolworths-chargrilled-eggplant
323963,Frico Frico Goat Cheese Wedge 250g,$13.90,$55.60 / 1KG,/shop/productdetails/323963/frico-goat-cheese-wedge
824662,Woolworths Chargrilled Chicken Dinner Chilled Meal 350g,$10.00,$2.86 / 100G,/shop/productdetails/824662/woolworths-chargrilled-chicken-dinner-chilled-meal
241656,Delre Sweberg Swiss Per Kg,$26.00,$26.00 / 1KG,/shop/productdetails/241656/delre-sweberg-swiss
92330,My Muscle Chef Lemon Pepper Chicken Chilled Meal 330g,$11.95,$3.62 / 100G,/shop/productdetails/92330/my-muscle-chef-lemon-pepper-chicken-chilled-meal
40174,Woolworths Chargrilled Marinated Artichokes 120g,$3.60,$3.00 / 100G,/shop/productdetails/40174/woolworths-chargrilled-marinated-artichokes
48624,Woolworths Jumbo Greek Kalamata Olives Per Kg,$24.00,$24.00 / 1KG,/shop/productdetails/48624/woolworths-jumbo-greek-kalamata-olives
67550,Mon Ami French Brie Portions 240g,N/A,N/A,/shop/productdetails/67550/mon-ami-french-brie-portions
279762,My Muscle Chef Creamy Chicken & Mushroom Pasta 320g,$11.95,$3.73 / 100G,/shop/productdetails/279762/my-muscle-chef-creamy-chicken-mushroom-pasta
67858,Normandie Pate Chicken Champagne 150g,$5.10,$34.00 / 1KG,/shop/productdetails/67858/normandie-pate-chicken-champagne
215072,Birch & Waite Creamy Parmesan & Pepper Sauce 200g,$5.50,$2.75 / 100G,/shop/productdetails/215072/birch-waite-creamy-parmesan-pepper-sauce
238740,Bergbaron Reserve Cheese 200g,$7.00,$35.00 / 1KG,/shop/productdetails/238740/bergbaron-reserve-cheese
119829,Pasta Master Chicken & Bacon Bake Chilled Meal 1.2kg,$16.50,$1.38 / 100G,/shop/productdetails/119829/pasta-master-chicken-bacon-bake-chilled-meal
504795,Woolworths Thai Satay Chicken With Rice Chilled Meal 350g,$7.00,$2.00 / 100G,/shop/productdetails/504795/woolworths-thai-satay-chicken-with-rice-chilled-meal
740484,Maggie Beer Duck & Orange Pate 120g,$7.30,$60.83 / 1KG,/shop/productdetails/740484/maggie-beer-duck-orange-pate-duck-orange
239051,Simply Delish Picante Authentic Mexican Dip Corn With Jalepeno & Lime 170g,$4.50,$2.65 / 100G,/shop/productdetails/239051/simply-delish-picante-authentic-mexican-dip-corn-with-jalepeno-lime
830499,Woolworths Chicken Korma With Rice Chilled Meal 350g,$7.00,$2.00 / 100G,/shop/productdetails/830499/woolworths-chicken-korma-with-rice-chilled-meal
64393,Boursin Garlic & Herb Cheese 80g,$9.00,$116.88 / 1KG,/shop/productdetails/64393/boursin-garlic-herb-cheese
176316,Evergreen Fresh Egg Noodles 350g,$2.70,$0.77 / 100G,/shop/productdetails/176316/evergreen-fresh-egg-noodles
739564,Jacquin Chevre Plain 100g,$4.80,$48.00 / 1KG,/shop/productdetails/739564/jacquin-chevre-plain
148414,Chan's Yum Cha Vegetable Curry Puff 5 Pack,$5.50,$2.75 / 100G,/shop/productdetails/148414/chan-s-yum-cha-vegetable-curry-puff
39759,Woolworths Green Olives With Lemon & Herbs 110g,$3.60,$3.27 / 100G,/shop/productdetails/39759/woolworths-green-olives-with-lemon-herbs
180344,Maggie Beer Quince & Champagne Paste 100g,$6.30,$6.30 / 100G,/shop/productdetails/180344/maggie-beer-quince-champagne-paste
774405,King Island Dairy Roaring 40s Blue Cheese 120g,$10.95,$91.25 / 1KG,/shop/productdetails/774405/king-island-dairy-roaring-40s-blue-cheese-blue-cheese
58247,Woolworths 97% Fat Free Semi Dried Tomato 1kg,$28.00,$28.00 / 1KG,/shop/productdetails/58247/woolworths-97-fat-free-semi-dried-tomato
290131,Meet Plant Based Beef Free Strips 250g,$5.00,$20.00 / 1KG,/shop/productdetails/290131/meet-plant-based-beef-free-strips
161629,Jarlsberg Wedge 230g,$7.80,$33.91 / 1KG,/shop/productdetails/161629/jarlsberg-wedge
134232,Woolworths Fennel Infused Pork Shoulder Rigatoni Chilled Meal 350g,$10.00,$2.86 / 100G,/shop/productdetails/134232/woolworths-fennel-infused-pork-shoulder-rigatoni-chilled-meal
216900,Mon Ami Double Cream French Brie Petit 125g,$5.20,$41.60 / 1KG,/shop/productdetails/216900/mon-ami-double-cream-french-brie-petit
178962,"Chris' Deli Avocado, Feta & Spicy Jalapeno 170g",$7.00,$4.12 / 100G,/shop/productdetails/178962/chris-deli-avocado-feta-spicy-jalapeno
95977,Castello Marinated Fetta Cubes 265g,$7.00,$26.42 / 1KG,/shop/productdetails/95977/castello-marinated-fetta-cubes
89097,Garlo's Curry Beef Pie 200g,$4.80,$2.40 / 100G,/shop/productdetails/89097/garlo-s-curry-beef-pie-null
177117,D'orsogna Australian Dry Cured Ham From The Deli Per Kg,$25.00,$25.00 / 1KG,/shop/productdetails/177117/d-orsogna-australian-dry-cured-ham-from-the-deli
278010,My Muscle Chef Chicken Tortellini Boscaiola Chilled Meal 300g,$11.95,$3.98 / 100G,/shop/productdetails/278010/my-muscle-chef-chicken-tortellini-boscaiola-chilled-meal
240059,Fast Fuel Roast Chicken & Vegetables 350g,$9.95,$2.84 / 100G,/shop/productdetails/240059/fast-fuel-roast-chicken-vegetables
803617,Gotzinger Black Pudding 300g,$6.55,$21.83 / 1KG,/shop/productdetails/803617/gotzinger-black-pudding
88999,Garlo's Lean Beef Pie 200g,$4.80,$2.40 / 100G,/shop/productdetails/88999/garlo-s-lean-beef-pie-null
23975,Maggie Beer Ash Triple Cream Brie 200g,$9.30,$46.50 / 1KG,/shop/productdetails/23975/maggie-beer-ash-triple-cream-brie
250852,Mersey Valley Pickled Onion Cheddar Cheese 235g,$6.90,$29.36 / 1KG,/shop/productdetails/250852/mersey-valley-pickled-onion-cheddar-cheese
238284,"Moondarra Honey, Fig Macadamia Soft Cheese 120g",$3.90,$32.50 / 1KG,/shop/productdetails/238284/moondarra-honey-fig-macadamia-soft-cheese
638913,Yarra Valley Cheese Salted Honey Cow 120g,$5.00,$41.67 / 1KG,/shop/productdetails/638913/yarra-valley-cheese-salted-honey-cow
161994,Woolworths Slow Cooked Beef Ragu Lasagne 1.3kg,$19.50,$1.50 / 100G,/shop/productdetails/161994/woolworths-slow-cooked-beef-ragu-lasagne-null
107323,Bio Dairy Free Cheese Spread 150g,$7.00,$46.67 / 1KG,/shop/productdetails/107323/bio-dairy-free-cheese-spread
146232,Igor Gorgonzola Casaleonardi 195g,$7.50,$38.46 / 1KG,/shop/productdetails/146232/igor-gorgonzola-casaleonardi
147692,Thomas Dux French Washed Rind Sheep's Milk Brie From The Deli Per Kg,N/A,N/A,/shop/productdetails/147692/thomas-dux-french-washed-rind-sheep-s-milk-brie-from-the-deli
775721,San Marino Outdoor Bred Leg Ham 100g,$7.50,$75.00 / 1KG,/shop/productdetails/775721/san-marino-outdoor-bred-leg-ham
178450,South Cape Cream Cheese Sweet Chilli 80g,$4.80,$60.00 / 1KG,/shop/productdetails/178450/south-cape-cream-cheese-sweet-chilli
238378,Maggie Beer Smoked Club Cheddar Aged 12+ Months 150g,$6.00,$40.00 / 1KG,/shop/productdetails/238378/maggie-beer-smoked-club-cheddar-aged-12-months
677235,South Cape Sweet Chilli Cream Cheese 200g,$6.50,$32.50 / 1KG,/shop/productdetails/677235/south-cape-sweet-chilli-cream-cheese
239839,Chris' Hommus Dip & Middle Eastern Dukkah 170g,$5.50,$3.24 / 100G,/shop/productdetails/239839/chris-hommus-dip-middle-eastern-dukkah
98090,Mersey Valley Jalapeno Cheese 80g,$4.80,$60.00 / 1KG,/shop/productdetails/98090/mersey-valley-jalapeno-cheese
255174,Bertocchi Authentic Leg Ham Boneless 500g - 1kg,$22.50,$22.50 / 1KG,/shop/productdetails/255174/bertocchi-authentic-leg-ham-boneless
784926,Normandie Pate Pods Mixed Pack 200g,$7.30,$36.50 / 1KG,/shop/productdetails/784926/normandie-pate-pods-mixed-pack
140168,Thomas Dux Italian Parmigiano Reggiano Over 30 Months Matured 200g,$12.50,$62.50 / 1KG,/shop/productdetails/140168/thomas-dux-italian-parmigiano-reggiano-over-30-months-matured
691289,Maggie Beer Traditional Camembert 200g,$9.30,$46.50 / 1KG,/shop/productdetails/691289/maggie-beer-traditional-camembert
78197,Woolworths Hearty Vegetable Lasagne 700g,$14.50,$2.07 / 100G,/shop/productdetails/78197/woolworths-hearty-vegetable-lasagne-null
212040,Grand Italian Pan Fry Gnocchi Three Cheese 400g,$7.00,$1.75 / 100G,/shop/productdetails/212040/grand-italian-pan-fry-gnocchi-three-cheese
244194,Mersey Valley Ploughmans Cheddar Cheese 235g,$6.90,$29.36 / 1KG,/shop/productdetails/244194/mersey-valley-ploughmans-cheddar-cheese
290325,Don Popcorn Bacon Bites 140g,$3.00,$21.43 / 1KG,/shop/productdetails/290325/don-popcorn-bacon-bites
330227,Meredith Dairy Dill Cheese 150g,$9.00,$60.00 / 1KG,/shop/productdetails/330227/meredith-dairy-dill-cheese
191040,Thomas Dux Club Cheddar Cheese 235g,$5.50,$23.40 / 1KG,/shop/productdetails/191040/thomas-dux-club-cheddar-cheese
175839,Red Rock Deli Classics Sour Cream & Chives 190g,$4.40,$2.32 / 100G,/shop/productdetails/175839/red-rock-deli-classics-sour-cream-chives
827477,Woolworths New York Pepper Steak Chilled Meal 400g,$13.00,$3.25 / 100G,/shop/productdetails/827477/woolworths-new-york-pepper-steak-chilled-meal
546878,Hans Polish 375g,$4.90,$13.07 / 1KG,/shop/productdetails/546878/hans-polish
580253,D'orsogna Honey Leg Ham 850g,$15.00,$17.65 / 1KG,/shop/productdetails/580253/d-orsogna-honey-leg-ham
369841,Guilleteau Le Fromager Double Cream Specialty Per Kg,$85.00,$85.00 / 1KG,/shop/productdetails/369841/guilleteau-le-fromager-double-cream-specialty
278425,Ready Chef Penne Bolognaise 350g,$5.00,$1.43 / 100G,/shop/productdetails/278425/ready-chef-penne-bolognaise
239408,Simply Delish Beetroot With Cashews & Parmesan Dip 150g,$3.60,$2.40 / 100G,/shop/productdetails/239408/simply-delish-beetroot-with-cashews-parmesan-dip
86523,Snowdonia Black Bomber Vintage Cheddar Per Kg,$70.00,$70.00 / 1KG,/shop/productdetails/86523/snowdonia-black-bomber-vintage-cheddar
212393,D'orsogna Natural Chorizo Gluten Free Wood Smoked 200g,$7.00,$35.00 / 1KG,/shop/productdetails/212393/d-orsogna-natural-chorizo-gluten-free-wood-smoked
239031,"Dari's Beetroot, Celery & Ginger Soup 350g",$4.85,$1.39 / 100G,/shop/productdetails/239031/dari-s-beetroot-celery-ginger-soup
191041,Thomas Dux Wensleydale & Cranberry 150g,$6.00,$40.00 / 1KG,/shop/productdetails/191041/thomas-dux-wensleydale-cranberry
289209,Veef Plant Based Beef Steak 360g,$8.00,$22.22 / 1KG,/shop/productdetails/289209/veef-plant-based-beef-steak
162622,Woolworths Beef Mince & Rich Gravy Pastry Chilled Meal 700g,$11.50,$1.64 / 100G,/shop/productdetails/162622/woolworths-beef-mince-rich-gravy-pastry-chilled-meal
684255,Castello Creamy Havarti 200g,$6.50,$32.50 / 1KG,/shop/productdetails/684255/castello-creamy-havarti
292097,Meet Plant Based Beef Free Mince 300g,$5.50,$18.33 / 1KG,/shop/productdetails/292097/meet-plant-based-beef-free-mince
290685,Veef Plant Based Roast Chicken 360g,$8.00,$22.22 / 1KG,/shop/productdetails/290685/veef-plant-based-roast-chicken
369738,Woolworths Fresh Parmigianno Reggiano Cheese Wheel Per Kg,$80.00,$80.00 / 1KG,/shop/productdetails/369738/woolworths-fresh-parmigianno-reggiano-cheese-wheel
824696,Woolworths Beef Casserole Chilled Meal 800g,$18.00,$2.25 / 100G,/shop/productdetails/824696/woolworths-beef-casserole-chilled-meal
237510,Maggie Beer Vintage Club Cheddar Aged 12+ Months 150g,$6.00,$40.00 / 1KG,/shop/productdetails/237510/maggie-beer-vintage-club-cheddar-aged-12-months
278904,Ready Chef Tomato Bacon Pasta 350g,$5.00,$1.43 / 100G,/shop/productdetails/278904/ready-chef-tomato-bacon-pasta
357350,Bertocchi Mortadella 500g,$8.00,$16.00 / 1KG,/shop/productdetails/357350/bertocchi-mortadella
714429,Fresh Fodder Hommous Dip 200g,$4.40,$2.20 / 100G,/shop/productdetails/714429/fresh-fodder-hommous-dip
215002,Latina Fresh Creamy Spinach Pasta Sauce 425g,$7.50,$1.76 / 100G,/shop/productdetails/215002/latina-fresh-creamy-spinach-pasta-sauce
183798,Woolworths Calorie Controlled Butter Chicken With Rice 350g,$7.00,$2.00 / 100G,/shop/productdetails/183798/woolworths-calorie-controlled-butter-chicken-with-rice
40167,Woolworths Greek Mix 120g,$3.60,$3.00 / 100G,/shop/productdetails/40167/woolworths-greek-mix
238011,Jarlsberg Per Kg,$37.00,$37.00 / 1KG,/shop/productdetails/238011/jarlsberg-jarlsberg
726490,Mon Ami French Brie Cheese 200g,$7.20,$36.00 / 1KG,/shop/productdetails/726490/mon-ami-french-brie-cheese
815421,Chris' Heritage Smoked Gouda & Jalapeno Dip 170g,$7.00,$4.12 / 100G,/shop/productdetails/815421/chris-heritage-smoked-gouda-jalapeno-dip
248932,Moira Mac's Roast Chicken Breast Slices 170g,$6.60,$38.82 / 1KG,/shop/productdetails/248932/moira-mac-s-roast-chicken-breast-slices
139085,Thomas Dux Yorkshire Wensleydale With Cranberry From The Deli Per Kg,$50.00,$50.00 / 1KG,/shop/productdetails/139085/thomas-dux-yorkshire-wensleydale-with-cranberry-from-the-deli
154007,Yarra Valley Cheese Marinated Persian Fetta With Chilli 180g,$7.10,$39.44 / 1KG,/shop/productdetails/154007/yarra-valley-cheese-marinated-persian-fetta-with-chilli
219254,Yarra Valley Spreadable Goat Cheese 150g,$9.80,$65.33 / 1KG,/shop/productdetails/219254/yarra-valley-spreadable-goat-cheese
82863,Chris' Plant Based Guacamole Dip 200g,$4.50,$2.25 / 100G,/shop/productdetails/82863/chris-plant-based-guacamole-dip
331692,Chrystal Fresh Cheese Board Selection Selection 275g,$13.00,$47.27 / 1KG,/shop/productdetails/331692/chrystal-fresh-cheese-board-selection-selection
181873,I Pastai Fresh Pappardelle 350g,$4.50,$1.29 / 100G,/shop/productdetails/181873/i-pastai-fresh-pappardelle
283966,Simply Delish Organic Greek Style Tzatziki 150g,$5.50,$3.67 / 100G,/shop/productdetails/283966/simply-delish-organic-greek-style-tzatziki
359913,Bertocchi Ham Leg Boneless 1.8kg,$25.00,$13.89 / 1KG,/shop/productdetails/359913/bertocchi-ham-leg-boneless
282026,Garlo's Butter Chicken Pie 200g,$5.40,$2.70 / 100G,/shop/productdetails/282026/garlo-s-butter-chicken-pie
176913,Red Rock Deli Classics Chargrilled Style Corn Relish 190g,$4.40,$2.32 / 100G,/shop/productdetails/176913/red-rock-deli-classics-chargrilled-style-corn-relish
208907,Chris' Deli Dip Basil Pesto 170g,$7.00,$4.12 / 100G,/shop/productdetails/208907/chris-deli-dip-basil-pesto
123008,Homestead By Tasmanian Pate Duck Pate With Tasmanian Brandy 150g,$6.00,$40.00 / 1KG,/shop/productdetails/123008/homestead-by-tasmanian-pate-duck-pate-with-tasmanian-brandy
323951,Frico Mild Edam Cheese Wedge 230g,$9.50,$41.30 / 1KG,/shop/productdetails/323951/frico-mild-edam-cheese-wedge
123995,Homestead By Tasmanian Pate Chicken Pate With Cracked Pepper 150g,$6.00,$40.00 / 1KG,/shop/productdetails/123995/homestead-by-tasmanian-pate-chicken-pate-with-cracked-pepper
30035,Normandie Pate Chicken With Cognac 150g,$5.10,$34.00 / 1KG,/shop/productdetails/30035/normandie-pate-chicken-with-cognac
674265,Primo Pan Sized Rindless Bacon Pan Size 750g,$16.50,$22.00 / 1KG,/shop/productdetails/674265/primo-pan-sized-rindless-bacon-pan-size
369731,Woolworths Fresh Parmesan Grana Padano Cheese Wheel Per Kg,$66.00,$66.00 / 1KG,/shop/productdetails/369731/woolworths-fresh-parmesan-grana-padano-cheese-wheel
652335,Miguel Maestre Sliced Chorizo 100g,$9.00,$90.00 / 1KG,/shop/productdetails/652335/miguel-maestre-sliced-chorizo
215493,Made With Plants Meat Free Deli Style Pepperoni 100g,$6.00,$60.00 / 1KG,/shop/productdetails/215493/made-with-plants-meat-free-deli-style-pepperoni
238249,Mersey Valley Club Cheddar Vintage Summer Fruits 80g,$4.80,$60.00 / 1KG,/shop/productdetails/238249/mersey-valley-club-cheddar-vintage-summer-fruits
206977,"Red Rock Deli Thai Chilli, Lime & Cashews 150g",$4.00,$2.67 / 100G,/shop/productdetails/206977/red-rock-deli-thai-chilli-lime-cashews
751148,Mon Ami French Camembert Cheese 200g,$7.20,$36.00 / 1KG,/shop/productdetails/751148/mon-ami-french-camembert-cheese
277280,V2 Macaroni Bake 350g,$9.00,$2.57 / 100G,/shop/productdetails/277280/v2-macaroni-bake
183801,Woolworths Calorie Controlled Macaroni & Cheese 350g,$7.00,$2.00 / 100G,/shop/productdetails/183801/woolworths-calorie-controlled-macaroni-cheese
710998,South Cape White Wine Matched Selection 320g,$17.00,$53.13 / 1KG,/shop/productdetails/710998/south-cape-white-wine-matched-selection
278407,Birch & Waite Hollandaise Sauce 160g,$5.50,$3.44 / 100G,/shop/productdetails/278407/birch-waite-hollandaise-sauce
239443,Fry's Chick'n Pieces Per-peri Plant Based 250g,$6.50,$26.00 / 1KG,/shop/productdetails/239443/frys-chick-n-pieces-per-peri-plant-based
6753,Maggie Beer Pheasant Farm Pate 120g,$7.30,$60.83 / 1KG,/shop/productdetails/6753/maggie-beer-pheasant-farm-pate-pheasant-farm
31165,Melbourne Cheese Company Persian Fetta 250g,$7.50,$30.00 / 1KG,/shop/productdetails/31165/melbourne-cheese-company-persian-fetta
134238,Woolworths Angus Beef & Pork Meatball Rigatoni Chilled Meal 1.3kg,$19.50,$1.50 / 100G,/shop/productdetails/134238/woolworths-angus-beef-pork-meatball-rigatoni-chilled-meal
153019,I Pastai Fresh Linguine 350g,$4.50,$1.29 / 100G,/shop/productdetails/153019/i-pastai-fresh-linguine
285004,Obela Beetroot Hommus 450g,$6.00,$1.33 / 100G,/shop/productdetails/285004/obela-beetroot-hommus
140169,Thomas Dux French Comte Matured 8 Months 175g,$11.10,$63.43 / 1KG,/shop/productdetails/140169/thomas-dux-french-comte-matured-8-months
211612,Woolworths Butter Chicken 800g,$12.00,$1.50 / 100G,/shop/productdetails/211612/woolworths-butter-chicken
248073,Woolworths Slow Cooked Bbq Beef Brisket With Sweet Potato Mash 400g,$13.00,$13.00 / 400G,/shop/productdetails/248073/woolworths-slow-cooked-bbq-beef-brisket-with-sweet-potato-mash
248178,Woolworths Slow Cooked Beef Bourguignon With Roasted Garlic Mash 400g,$13.00,$13.00 / 400G,/shop/productdetails/248178/woolworths-slow-cooked-beef-bourguignon-with-roasted-garlic-mash
244154,Mersey Valley Peppercorn Medley Cheddar Cheese 235g,$6.90,$29.36 / 1KG,/shop/productdetails/244154/mersey-valley-peppercorn-medley-cheddar-cheese
278160,Ready Chef Creamy Pasta 350g,$5.00,$1.43 / 100G,/shop/productdetails/278160/ready-chef-creamy-pasta
290922,Veef Plant Based Beef Brisket 360g,$8.00,$22.22 / 1KG,/shop/productdetails/290922/veef-plant-based-beef-brisket
806856,From The Deli Platter For Two Each,$20.00,,/shop/productdetails/806856/from-the-deli-platter-for-two
218748,Hans Grazing Platter 292g,N/A,N/A,/shop/productdetails/218748/hans-grazing-platter
249784,King Island Dairy Three Rivers Bay Triple Cream Brie Cheese 175g,$14.90,$85.14 / 1KG,/shop/productdetails/249784/king-island-dairy-three-rivers-bay-triple-cream-brie-cheese
122382,Woolworths Green Olives Lemongrass & Chilli 110g,$3.60,$3.27 / 100G,/shop/productdetails/122382/woolworths-green-olives-lemongrass-chilli
715951,Frico Gouda Cumin Wedge 265g,$7.50,$29.41 / 1KG,/shop/productdetails/715951/frico-gouda-cumin-wedge
88511,Garlo's Beef Sausage Roll Chilled Meal 200g,$4.80,$2.40 / 100G,/shop/productdetails/88511/garlo-s-beef-sausage-roll-chilled-meal
29121,Melbourne Cheese Company Fetta Garlic & Herbs 250g,$7.50,$30.00 / 1KG,/shop/productdetails/29121/melbourne-cheese-company-fetta-garlic-herbs
278007,Ready Chef Chicken Curry Rice 350g,$5.00,$1.43 / 100G,/shop/productdetails/278007/ready-chef-chicken-curry-rice
209653,Chris' Heritage Camembert Cherry & Walnut Dip 170g,$7.00,$4.12 / 100G,/shop/productdetails/209653/chris-heritage-camembert-cherry-walnut-dip
288210,Picasso Kitchen Pinsa Romana Pepperoni & Smoked Ham 300g,$7.50,$2.50 / 100G,/shop/productdetails/288210/picasso-kitchen-pinsa-romana-pepperoni-smoked-ham
827476,Woolworths Prosciutto Wrapped Chicken Chilled Meal 400g,$13.00,$3.25 / 100G,/shop/productdetails/827476/woolworths-prosciutto-wrapped-chicken-chilled-meal
218930,Mon Ami Mild & Creamy Camembert Petit 125g,$5.20,$41.60 / 1KG,/shop/productdetails/218930/mon-ami-mild-creamy-camembert-petit
134199,Woolworths Chicken Pappardelle Carbonara Chilled Meal 350g,$10.00,$2.86 / 100G,/shop/productdetails/134199/woolworths-chicken-pappardelle-carbonara-chilled-meal
215276,Made With Plants Meat Free Deli Style Chicken 100g,$6.00,$60.00 / 1KG,/shop/productdetails/215276/made-with-plants-meat-free-deli-style-chicken
215012,Birch & Waite Creamy Pesto Sauce 200g,$5.50,$2.75 / 100G,/shop/productdetails/215012/birch-waite-creamy-pesto-sauce
277645,Dari's Chicken & Corn Soup 1.2kg,$12.45,$1.04 / 100G,/shop/productdetails/277645/dari-s-chicken-corn-soup
240005,Fast Fuel Chicken Katsudon Ready Meal 350g,$9.95,$2.84 / 100G,/shop/productdetails/240005/fast-fuel-chicken-katsudon-ready-meal
286187,Garlo's Apple Pie 180g,$4.80,$2.67 / 100G,/shop/productdetails/286187/garlo-s-apple-pie
67278,King Island Dairy Victoria Cove Smoked Camembert Cheese 200g,$14.90,$74.50 / 1KG,/shop/productdetails/67278/king-island-dairy-victoria-cove-smoked-camembert-cheese
214091,San Marino Milano Mild Salami 100g,$7.50,$75.00 / 1KG,/shop/productdetails/214091/san-marino-milano-mild-salami
240261,Chris' Hommus Dip & Moroccan Dukkah Moroccan Dukkah 170g,$5.50,$3.24 / 100G,/shop/productdetails/240261/chris-hommus-dip-moroccan-dukkah-moroccan-dukkah
64363,Normandie Pate Chicken With Cointreau 150g,$5.10,$34.00 / 1KG,/shop/productdetails/64363/normandie-pate-chicken-with-cointreau
251632,Bertocchi Perfectly Sliced Hungarian Mild Salami 300g,N/A,N/A,/shop/productdetails/251632/bertocchi-perfectly-sliced-hungarian-mild-salami
877456,Fromager D'affinois Cheese Campagnier Per Kg,$95.00,$95.00 / 1KG,/shop/productdetails/877456/fromager-d-affinois-cheese-campagnier
238567,Grand Italian Tuscans Finest Pumpkin Girasoli 325g,$6.00,$1.85 / 100G,/shop/productdetails/238567/grand-italian-tuscans-finest-pumpkin-girasoli
278159,Johnny Wong Pad Thai Sauce 250g,$5.00,$2.00 / 100G,/shop/productdetails/278159/johnny-wong-pad-thai-sauce
180020,Pasta Master Macaroni Meaty Mac & Cheese Chilled Meal 1.2kg,$16.50,$1.38 / 100G,/shop/productdetails/180020/pasta-master-macaroni-meaty-mac-cheese-chilled-meal
308976,Castello Extra Creamy Mild Blue Cheese 100g,$5.80,$58.00 / 1KG,/shop/productdetails/308976/castello-extra-creamy-mild-blue-cheese
379635,Cheese Provolone Dolce From The Deli Per Kg,$45.00,$45.00 / 1KG,/shop/productdetails/379635/cheese-provolone-dolce-from-the-deli
277294,Grand Italian Tuscan Finest Panfry Gnocchi Sundried Tomato & Cheese 400g,N/A,N/A,/shop/productdetails/277294/grand-italian-tuscan-finest-panfry-gnocchi-sundried-tomato-cheese
238531,Fqkitchen Supreme Pizza 600g,N/A,N/A,/shop/productdetails/238531/fq-kitchen-supreme-pizza
89332,Garlo's Chunky Steak Pie 200g,$5.40,$2.70 / 100G,/shop/productdetails/89332/garlo-s-chunky-steak-pie-null
40353,King Island Dairy Cape Wickham Double Brie Cheese 200g,$14.90,$74.50 / 1KG,/shop/productdetails/40353/king-island-dairy-cape-wickham-double-brie-cheese
228659,Port Salut Cheese 150g,$9.60,$64.00 / 1KG,/shop/productdetails/228659/port-salut-cheese
213241,San Marino Hot Calabrese Salami 100g,$7.50,$75.00 / 1KG,/shop/productdetails/213241/san-marino-hot-calabrese-salami
277761,Easy Eats Chicken Burrito Bowl 350g,$8.50,$2.43 / 100G,/shop/productdetails/277761/easy-eats-chicken-burrito-bowl
215895,Latina Chicken Lasagne 350g,$7.50,$2.14 / 100G,/shop/productdetails/215895/latina-chicken-lasagne
140170,Thomas Dux Aged Dutch Gouda 200g,$8.00,$40.00 / 1KG,/shop/productdetails/140170/thomas-dux-aged-dutch-gouda
347138,Tasmanian Heritage Mild Blue Cheese 120g,$7.35,$61.25 / 1KG,/shop/productdetails/347138/tasmanian-heritage-mild-blue-cheese
787012,Clonakilty Black Pudding 200g,$7.00,$35.00 / 1KG,/shop/productdetails/787012/clonakilty-black-pudding
97477,Royal Bacon Co Bacon Ends 500g,$8.00,$16.00 / 1KG,/shop/productdetails/97477/royal-bacon-co-bacon-ends
377170,Will Studd Brillat Savarin 200g,$26.00,$130.00 / 1KG,/shop/productdetails/377170/will-studd-brillat-savarin
286388,Made With Plants Meat Free Roast Duck 300g,$8.00,$26.67 / 1KG,/shop/productdetails/286388/made-with-plants-meat-free-roast-duck
99054,Mersey Valley Jalapeno Cheese 235g,$6.90,$29.36 / 1KG,/shop/productdetails/99054/mersey-valley-jalapeno-cheese
94988,Thomas Dux Marinated Goats Cheese 300g,$10.70,$35.67 / 1KG,/shop/productdetails/94988/thomas-dux-marinated-goats-cheese
238384,Fqkitchen Bbq Meatlovers Pizza 600g,N/A,N/A,/shop/productdetails/238384/fq-kitchen-bbq-meatlovers-pizza
110573,Castello Double Cream Brie 300g,$14.50,$48.33 / 1KG,/shop/productdetails/110573/castello-double-cream-brie
331719,King Island Dairy Surprise Bay Cheddar Cheese 170g,$10.95,$64.41 / 1KG,/shop/productdetails/331719/king-island-dairy-surprise-bay-cheddar-cheese
238635,Latina Fresh Carbonara Pasta Bake 350g,$7.50,$2.14 / 100G,/shop/productdetails/238635/latina-fresh-carbonara-pasta-bake
277146,Easy Eats Beef Stroganoff Pasta 350g,$8.50,$2.43 / 100G,/shop/productdetails/277146/easy-eats-beef-stroganoff-pasta
238250,Latina Fresh Bolognaise Pasta Bake 350g,$7.50,$2.14 / 100G,/shop/productdetails/238250/latina-fresh-bolognaise-pasta-bake
211613,Woolworths Chilli Con Carne 800g,$13.50,$1.69 / 100G,/shop/productdetails/211613/woolworths-chilli-con-carne
54689,Woolworths Sweet Baby Peppers With Cream Cheese 1kg,$39.98,$39.98 / 1KG,/shop/productdetails/54689/woolworths-sweet-baby-peppers-with-cream-cheese
277320,Easy Eats Chicken Pesto Pasta 350g,$8.50,$2.43 / 100G,/shop/productdetails/277320/easy-eats-chicken-pesto-pasta
277760,Fast Fuel Meals Creamy Lemon Chicken 350g,$9.95,$2.84 / 100G,/shop/productdetails/277760/fast-fuel-meals-creamy-lemon-chicken
88508,Garlo's Family Pie Lean Beef 550g,$11.60,$2.11 / 100G,/shop/productdetails/88508/garlo-s-family-pie-lean-beef-null
288205,Picasso Kitchen Pinsa Romana Mini Meatballs & Parmesan 300g,$7.50,$2.50 / 100G,/shop/productdetails/288205/picasso-kitchen-pinsa-romana-mini-meatballs-parmesan
288176,Picasso Kitchen Pinsa Romana Roasted Chicken & Pesto 300g,$7.50,$2.50 / 100G,/shop/productdetails/288176/picasso-kitchen-pinsa-romana-roasted-chicken-pesto
211889,Grand Italian Gnocchi Pesto & Parmesan Premium 400g,$7.00,$1.75 / 100G,/shop/productdetails/211889/grand-italian-gnocchi-pesto-parmesan-premium
629974,Maggie Beer Fig & Walnut Paste 100g,$6.30,$63.00 / 1KG,/shop/productdetails/629974/maggie-beer-fig-walnut-paste
219202,Aurricchio Pecorino Romano Cheese From The Deli Per Kg,N/A,N/A,/shop/productdetails/219202/aurricchio-pecorino-romano-cheese-from-the-deli
161626,Fqkitchen Gourmet Garlic Bread 140g,$3.50,$2.50 / 100G,/shop/productdetails/161626/fq-kitchen-gourmet-garlic-bread
179129,San Marino Snackertaining Spanish Cheese & Chorizo 100g,$8.00,$80.00 / 1KG,/shop/productdetails/179129/san-marino-snackertaining-spanish-cheese-chorizo
715950,Frico Gouda Wedge 265g,$9.50,$36.54 / 1KG,/shop/productdetails/715950/frico-gouda-wedge
285058,Simplydelish Organic Basil Pesto 150g,$5.50,$3.67 / 100G,/shop/productdetails/285058/simplydelish-organic-basil-pesto
369753,Woolworths Fresh Dutch Log Smoked Cheese Per Kg,$50.00,$50.00 / 1KG,/shop/productdetails/369753/woolworths-fresh-dutch-log-smoked-cheese
147693,Thomas Dux French Truffle Brie From The Deli Per Kg,$65.00,$65.00 / 1KG,/shop/productdetails/147693/thomas-dux-french-truffle-brie-from-the-deli
248222,Woolworths Roasted Garlic Lamb Moussaka 350g,$10.00,$10.00 / 350G,/shop/productdetails/248222/woolworths-roasted-garlic-lamb-moussaka
239585,Yarra Valley Persian Fetta Dill & Chives 180g,$7.10,$39.44 / 1KG,/shop/productdetails/239585/yarra-valley-persian-fetta-dill-chives
237888,Maggie Beer Caramelised Onion Club Cheddar Aged 12+ Months 150g,$6.00,$40.00 / 1KG,/shop/productdetails/237888/maggie-beer-caramelised-onion-club-cheddar-aged-12-months
713500,Mon Pere Brie From The Deli Per Kg,$55.00,$55.00 / 1KG,/shop/productdetails/713500/mon-pere-brie-from-the-deli
284618,Obela Hommus Garnished Basil Pesto 220g,$4.00,$1.82 / 100G,/shop/productdetails/284618/obela-hommus-garnished-basil-pesto
278022,Fast Fuel Meals Smokey Beef & Mash 350g,$9.95,$2.84 / 100G,/shop/productdetails/278022/fast-fuel-meals-smokey-beef-mash
209264,Chris' Homestyle Spicy Mediterranean Dip 200g,$4.50,$2.25 / 100G,/shop/productdetails/209264/chris-homestyle-spicy-mediterranean-dip
277321,Fast Fuel Meals South Fried Chicken 350g,$9.95,$2.84 / 100G,/shop/productdetails/277321/fast-fuel-meals-south-fried-chicken
239826,"Red Rock Deli Chargrilled Chilli, Capsicum & Cashews Dip 150g",$4.00,$2.67 / 100G,/shop/productdetails/239826/red-rock-deli-chargrilled-chilli-capsicum-cashews-dip
277608,Dari's Lentil Soup 1.2kg,$12.45,$1.04 / 100G,/shop/productdetails/277608/dari-s-lentil-soup
214386,Miguel Maestre Australian Free Range Ham 100g,$9.00,$90.00 / 1KG,/shop/productdetails/214386/miguel-maestre-australian-free-range-ham
209374,Plantitude Crumbed Pumpkin Bites 300g,$7.50,$2.50 / 100G,/shop/productdetails/209374/plantitude-crumbed-pumpkin-bites-bites
278207,Easy Eats Teriyaki Chicken 350g,$8.50,$2.43 / 100G,/shop/productdetails/278207/easy-eats-teriyaki-chicken
236708,Talbot Forest Cheese Co. Creamy Dutch Style Mild Gouda 150g,$7.00,$46.67 / 1KG,/shop/productdetails/236708/talbot-forest-cheese-co-creamy-dutch-style-mild-gouda
139763,Thomas Dux Oak Smoked Cheddar From The Deli Per Kg,$50.00,$50.00 / 1KG,/shop/productdetails/139763/thomas-dux-oak-smoked-cheddar-from-the-deli
248072,Woolworths Chargrilled Sage & Onion Stuffed Chicken Breast 400g,$13.00,$3.25 / 100G,/shop/productdetails/248072/woolworths-chargrilled-sage-onion-stuffed-chicken-breast
238540,Fqkitchen Ham And Pineapple Pizza 600g,$9.99,$1.67 / 100G,/shop/productdetails/238540/fq-kitchen-ham-and-pineapple-pizza
278406,Fast Fuel Meals Beef Ragu Pappardelle 350g,$9.95,$2.84 / 100G,/shop/productdetails/278406/fast-fuel-meals-beef-ragu-pappardelle
89241,Garlo's Junior Beef Pies 12 Pack,$12.90,$1.70 / 100G,/shop/productdetails/89241/garlo-s-junior-beef-pies-null
179817,San Marino Snackertaining Provolone & Felino Salami 100g,$8.00,$80.00 / 1KG,/shop/productdetails/179817/san-marino-snackertaining-provolone-felino-salami
277288,Dari's Thai Prawn Soup 600g,$9.95,$1.66 / 100G,/shop/productdetails/277288/dari-s-thai-prawn-soup
177109,Castello Red Rind 150g,$8.00,$53.33 / 1KG,/shop/productdetails/177109/castello-red-rind
278855,Creative Foods Cheese & Garlic Bread 250g,$3.70,$1.48 / 100G,/shop/productdetails/278855/creative-foods-cheese-garlic-bread
88507,Garlo's Junior Beef Sausage Rolls Chilled Meal 12 Pack,$12.90,$1.65 / 100G,/shop/productdetails/88507/garlo-s-junior-beef-sausage-rolls-chilled-meal
238185,Maggie Beer Fig & Gin Paste 100g,$6.30,$63.00 / 1KG,/shop/productdetails/238185/maggie-beer-fig-gin-paste
238009,Moondarra Apple & Cinnamon Honey & Almond Soft Cheese 120g,$3.90,$32.50 / 1KG,/shop/productdetails/238009/moondarra-apple-cinnamon-honey-almond-soft-cheese
277629,Fast Fuel Meals Butter Chicken 350g,$9.95,$2.84 / 100G,/shop/productdetails/277629/fast-fuel-meals-butter-chicken
306286,King Island Dairy Stokes Point Smoked Cheddar Cheese Per Kg,$62.00,$62.00 / 1KG,/shop/productdetails/306286/king-island-dairy-stokes-point-smoked-cheddar-cheese
214513,San Marino Australian Turkey 80g,$7.50,$93.75 / 1KG,/shop/productdetails/214513/san-marino-australian-turkey
213947,San Marino Cherrywood Smoked Ham 100g,$7.50,$75.00 / 1KG,/shop/productdetails/213947/san-marino-cherrywood-smoked-ham
790594,Woolworths Monterey Jack Jalapeno Cheese Jalapeno Per Kg,$39.00,$39.00 / 1KG,/shop/productdetails/790594/woolworths-monterey-jack-jalapeno-cheese-jalapeno
154015,Castello Double Cream Pink Pepper 150g,$7.50,$50.00 / 1KG,/shop/productdetails/154015/castello-double-cream-pink-pepper
370004,King Island Dairy Surprise Bay Cheddar Cheese Per Kg,$60.00,$60.00 / 1KG,/shop/productdetails/370004/king-island-dairy-surprise-bay-cheddar-cheese
238633,Mersey Valley Club Cheddar Vintage Summer Fruits 235g,$6.90,$29.36 / 1KG,/shop/productdetails/238633/mersey-valley-club-cheddar-vintage-summer-fruits
179130,Miguel Maestre Australian Free Range Chorizo Bites 100g,$9.00,$90.00 / 1KG,/shop/productdetails/179130/miguel-maestre-australian-free-range-chorizo-bites
237557,Talbot Forest Cheese Co. Peppered Havarti 150g,$7.00,$46.67 / 1KG,/shop/productdetails/237557/talbot-forest-cheese-co-peppered-havarti
238034,Wildly Good Mediterranean Hommus Filled Falafel Bites 225g,$7.50,$30.00 / 1KG,/shop/productdetails/238034/wildly-good-mediterranean-hommus-filled-falafel-bites
113964,Chris' Kalamata Olive Dip 200g,$4.50,$2.25 / 100G,/shop/productdetails/113964/chris-kalamata-olive-dip
240252,Fast Fuel Buffalo Chicken 350g,$9.95,$2.84 / 100G,/shop/productdetails/240252/fast-fuel-buffalo-chicken
283408,I Pastai Basil Pesto Sauce 180g,$6.50,$3.61 / 100G,/shop/productdetails/283408/i-pastai-basil-pesto-sauce
6576,King Island Dairy Phoques Cove Camembert Cheese 200g,$14.90,$74.50 / 1KG,/shop/productdetails/6576/king-island-dairy-phoques-cove-camembert-cheese
286189,Picasso Kitchen Super Supreme Pizza 470g,$6.50,$1.38 / 100G,/shop/productdetails/286189/picasso-kitchen-super-supreme-pizza
709251,Bertocchi Ham Picnic Shoulder 3.3kg - 4.6 Kg,$48.30,$10.50 / 1KG,/shop/productdetails/709251/bertocchi-ham-picnic-shoulder
306316,King Island Dairy Black Label Triple Cream Blue 1kg,$86.00,$86.00 / 1KG,/shop/productdetails/306316/king-island-dairy-black-label-triple-cream-blue
143422,Woolworths Mixed Colour Capsicum Per Kg,$24.00,$24.00 / 1KG,/shop/productdetails/143422/woolworths-mixed-colour-capsicum
277923,Dari's Creamy Corn Soup 350g,$4.85,$1.39 / 100G,/shop/productdetails/277923/dari-s-creamy-corn-soup
36566,D'argental Cremeux 2kg,$65.00,$65.00 / 1KG,/shop/productdetails/36566/cremeux-d-argental-cremeux
277932,Dari's Asian Chicken Soup 600g,$9.95,$1.66 / 100G,/shop/productdetails/277932/dari-s-asian-chicken-soup
369742,Woolworths Fresh Round Loaf Maasdam Cheese Per Kg,$34.00,$34.00 / 1KG,/shop/productdetails/369742/woolworths-fresh-round-loaf-maasdam-cheese
804064,Miguel Maestre Free Range Coppa 80g,$9.00,$11.25 / 100G,/shop/productdetails/804064/miguel-maestre-free-range-coppa
238099,Maggie Beer Chicken & Herb Pate 120g,$7.30,$60.83 / 1KG,/shop/productdetails/238099/maggie-beer-chicken-herb-pate
369843,Fromager D Affinois Bleu Per Kg,$95.00,$95.00 / 1KG,/shop/productdetails/369843/fromager-d-affinois-bleu
217927,King Island Dairy Lighthouse Blue Cheese 200g,$14.90,$74.50 / 1KG,/shop/productdetails/217927/king-island-dairy-lighthouse-blue-cheese-cheese
667804,Sanrilla Sicilian Olives 1kg,N/A,N/A,/shop/productdetails/667804/sanrilla-sicilian-olives
139722,Thomas Dux Spanish Manchego From The Deli Per Kg,$62.00,$62.00 / 1KG,/shop/productdetails/139722/thomas-dux-spanish-manchego-from-the-deli
237913,Wildly Good Hommus Filled Falafel Bites Traditional 225g,$7.50,$30.00 / 1KG,/shop/productdetails/237913/wildly-good-hommus-filled-falafel-bites-traditional
666700,Pastoral Oven Roasted Pork Herb Crusted Sliced From The Deli Per Kg,N/A,N/A,/shop/productdetails/666700/pastoral-oven-roasted-pork-herb-crusted-sliced-from-the-deli
284838,Simply Delish Organichommus Dip 150g,$5.50,$3.67 / 100G,/shop/productdetails/284838/simply-delish-organichommus-dip
248076,Woolworths Chargrilled Buffalo Chicken With Three Cheese Macaroni 400g,$13.00,$3.25 / 100G,/shop/productdetails/248076/woolworths-chargrilled-buffalo-chicken-with-three-cheese-macaroni
154473,Bodalla Gumleaf Smoked Cheddar 150g,$8.00,$53.33 / 1KG,/shop/productdetails/154473/bodalla-gumleaf-smoked-cheddar
236766,Homestead By Tasmanian Pate Free Range Chicken Pate With Red Chilli 150g,$6.00,,/shop/productdetails/236766/homestead-by-tasmanian-pate-free-range-chicken-pate-with-red-chilli
284914,25 South Leek & Goat Cheese Sauce 280g,$7.00,$2.50 / 100G,/shop/productdetails/284914/25-south-leek-goat-cheese-sauce
509413,Barbers Cheddar 1kg,$55.00,$55.00 / 1KG,/shop/productdetails/509413/barbers-cheddar
484504,Hunter Belle Cheddar Cranberry & Pistachio 140g,$8.50,$60.71 / 1KG,/shop/productdetails/484504/hunter-belle-cheddar-cranberry-pistachio
171316,Thomas Dux Goat Cheese Extra Matured 6 Months Per Kg,$53.00,$53.00 / 1KG,/shop/productdetails/171316/thomas-dux-goat-cheese-extra-matured-6-months
248181,Woolworths Chargrilled Chicken Fajita Bowl 350g,$10.00,$2.86 / 100G,/shop/productdetails/248181/woolworths-chargrilled-chicken-fajita-bowl
153371,Bodalla Tasmanian Pepperberry Cheddar 150g,$8.00,$53.33 / 1KG,/shop/productdetails/153371/bodalla-tasmanian-pepperberry-cheddar
370000,King Island Dairy Netherby Cove Camembert Per Kg,$70.00,$70.00 / 1KG,/shop/productdetails/370000/king-island-dairy-netherby-cove-camembert-cheese
237577,Talbot Forest Cheese Co. Maasdam 150g,$7.00,$46.67 / 1KG,/shop/productdetails/237577/talbot-forest-cheese-co-maasdam
280143,Thai Larder Green Curry Sauce 200g,$5.90,$2.95 / 100G,/shop/productdetails/280143/thai-larder-green-curry-sauce
605121,Woolworths Semi Dried Tomatoes With Fetta Per Kg,$28.00,$28.00 / 1KG,/shop/productdetails/605121/woolworths-semi-dried-tomatoes-with-fetta
281389,25 South Creamy Spiced Pumpkin Sauce 280g,$7.00,$2.50 / 100G,/shop/productdetails/281389/25-south-creamy-spiced-pumpkin-sauce
281388,25 South Fennel & Tomato Sauce 280g,$7.00,$2.50 / 100G,/shop/productdetails/281388/25-south-fennel-tomato-sauce
218750,Fior Di Tartufo Per Kg,$46.00,$46.00 / 1KG,/shop/productdetails/218750/fior-di-tartufo
369761,Singletons Black Wax Cheddar Cheese Per Kg,$70.00,$70.00 / 1KG,/shop/productdetails/369761/singletons-black-wax-cheddar-cheese
177122,Bio Cheese Cheddar Flavour Mild Salami & Crackers 60g,$5.00,$83.33 / 1KG,/shop/productdetails/177122/bio-cheese-cheddar-flavour-mild-salami-crackers
175847,D'orsogna Australian Ham Off The Bone 200g,N/A,N/A,/shop/productdetails/175847/d-orsogna-australian-ham-off-the-bone
964723,Hunter Belle Cheddar Beer Cheese 140g,N/A,N/A,/shop/productdetails/964723/hunter-belle-cheddar-beer-cheese
32685,La Vie De Chateau Emmantal Per Kg,$40.00,$40.00 / 1KG,/shop/productdetails/32685/la-vie-de-chateau-emmantal
239614,Ob Finest Fruit Paste Pear 100g,$6.50,$65.00 / 1KG,/shop/productdetails/239614/ob-finest-fruit-paste-pear
86359,Snowdonia Red Storm Red Leicester Per Kg,$70.00,$70.00 / 1KG,/shop/productdetails/86359/snowdonia-red-storm-red-leicester
177094,Bio Cheese Cheddar Flavour Ham & Crackers 60g,$5.00,$83.33 / 1KG,/shop/productdetails/177094/bio-cheese-cheddar-flavour-ham-crackers
176830,Castello Mini Cheeses 19g X5 Pack,N/A,N/A,/shop/productdetails/176830/castello-mini-cheeses
423811,Hunter Belle Cheddar Cheese Fig 140g,$7.45,$53.21 / 1KG,/shop/productdetails/423811/hunter-belle-cheddar-cheese-fig
752506,King Island Dairy Furneaux Double Cream Per Kg,$77.00,$77.00 / 1KG,/shop/productdetails/752506/king-island-dairy-furneaux-double-cream-cream
384962,Le Dauphin Double Creme From The Deli Per Kg,N/A,N/A,/shop/productdetails/384962/le-dauphin-double-creme-from-the-deli
232719,Woolworths Beef & Black Bean With Vegetable Rice 350g,$10.00,$2.86 / 100G,/shop/productdetails/232719/woolworths-beef-black-bean-with-vegetable-rice
161975,Woolworths Mixed Olive Assortment Platter 290g,N/A,N/A,/shop/productdetails/161975/woolworths-mixed-olive-assortment-platter
145398,Bertocchi Easy Carve Leg Ham 1.2kg - 1.63kg,N/A,N/A,/shop/productdetails/145398/bertocchi-easy-carve-leg-ham
176851,Bio Cheese Cheddar Flavour Mild Salami & Marinated Olives 70g,$5.50,$78.57 / 1KG,/shop/productdetails/176851/bio-cheese-cheddar-flavour-mild-salami-marinated-olives
116989,Hunter Belle Briebelle Triple Cream Brie 140g,$9.90,$70.71 / 1KG,/shop/productdetails/116989/hunter-belle-briebelle-triple-cream-brie
750202,Hunter Belle Dairy Cheese Smokey Bbq Bacon Cheddar 140g,$8.50,$60.71 / 1KG,/shop/productdetails/750202/hunter-belle-dairy-cheese-smokey-bbq-bacon-cheddar
423812,Hunter Belle Paste Cheddar & Quince 140g,$7.45,$53.21 / 1KG,/shop/productdetails/423812/hunter-belle-paste-cheddar-quince
216812,Moira Mac's Rspca Chicken Bites Bbq From The Deli Per Kg,N/A,N/A,/shop/productdetails/216812/moira-mac-s-rspca-chicken-bites-bbq-from-the-deli
180580,Hunter Belle Apple & Cranberry Cheese Platter Paste 140g,$7.45,$5.32 / 100G,/shop/productdetails/180580/hunter-belle-apple-cranberry-cheese-platter-paste
964668,Hunter Belle Caramelised Onion & Thyme Cheddar 140g,$8.50,$60.71 / 1KG,/shop/productdetails/964668/hunter-belle-caramelised-onion-thyme-cheddar
964669,Hunter Belle Mexicana Cheddar 140g,$8.50,$60.71 / 1KG,/shop/productdetails/964669/hunter-belle-mexicana-cheddar
369595,King Island Dairy Seal Bay Triple Cream Brie Per Kg,N/A,N/A,/shop/productdetails/369595/king-island-dairy-seal-bay-triple-cream-brie
280062,Thai Larder Fresh Massaman Sauce 200g,$5.90,$2.95 / 100G,/shop/productdetails/280062/thai-larder-fresh-massaman-sauce
279922,Thai Larder Red Curry Sauce 200g,$5.90,$2.95 / 100G,/shop/productdetails/279922/thai-larder-red-curry-sauce
247603,Udder Delights Double Cream Brie 450g,N/A,N/A,/shop/productdetails/247603/udder-delights-double-cream-brie
286099,"Yumi's Coriander, Chilli, Cashews & Lime 150g",$4.50,$3.00 / 100G,/shop/productdetails/286099/yumi-s-coriander-chilli-cashews-lime
642646,Be Family Smokey Bbq Mini Beef Burrito 500g,N/A,N/A,/shop/productdetails/642646/be-family-smokey-bbq-mini-beef-burrito
382774,Bertocchi Bacon Short Rindless 500g,N/A,N/A,/shop/productdetails/382774/bertocchi-bacon-short-rindless
185020,Bertocchi Easy Cut Leg Ham Half 3.2kg - 3.8kg,N/A,N/A,/shop/productdetails/185020/bertocchi-easy-cut-leg-ham-half
549578,Bertocchi Premium Leg Ham Pure Gold 2.2kg - 2.8kg,N/A,N/A,/shop/productdetails/549578/bertocchi-premium-leg-ham-pure-gold
546299,Bertocchi Real Leg Ham Applewood Smoked Nugget 3.1kg - 3.3kg,N/A,N/A,/shop/productdetails/546299/bertocchi-real-leg-ham-applewood-smoked-nugget
69624,Borrowdale Free Range 1/4 Ham Per Kg,N/A,N/A,/shop/productdetails/69624/borrowdale-free-range-1-4-ham
823714,Chris' Heritage Dips Artichoke Parmesan Grn Chilli 170g,N/A,N/A,/shop/productdetails/823714/chris-heritage-dips-artichoke-parmesan-grn-chilli
203555,D'orsogna Chorizo From The Deli Per Kg,N/A,N/A,/shop/productdetails/203555/d-orsogna-chorizo-from-the-deli
69132,D'orsogna Honey Ginger Leg Ham 1.2kg,N/A,N/A,/shop/productdetails/69132/d-orsogna-honey-ginger-leg-ham
69133,D'orsogna Pineapple Glazed Leg Ham 1.2kg,N/A,N/A,/shop/productdetails/69133/d-orsogna-pineapple-glazed-leg-ham
383682,D'orsogna Salami Tasty Sticks Mild 2.5kg,N/A,N/A,/shop/productdetails/383682/d-orsogna-salami-tasty-sticks-mild
789987,Don Footy Frankfurts Skin On 750g,N/A,N/A,/shop/productdetails/789987/don-footy-frankfurts-skin-on
732914,Don Green Stuffed Olives Chilli & Garlic Per Kg,N/A,N/A,/shop/productdetails/732914/don-green-stuffed-olives-chilli-garlic
366110,Gotzinger Hungarian Beef Sausages 400g,N/A,N/A,/shop/productdetails/366110/gotzinger-hungarian-beef-sausages
277659,Johnny Wong Honey Soy Chicken Stir Fry Sauce 250g,$5.00,$2.00 / 100G,/shop/productdetails/277659/johnny-wong-honey-soy-chicken-stir-fry-sauce
278243,Johnny Wong Malaysian Satay Stir Fry Sauce 250g,$5.00,$2.00 / 100G,/shop/productdetails/278243/johnny-wong-malaysian-satay-stir-fry-sauce
278393,Johnny Wong Singapore Noodles 500g,$3.50,$0.70 / 100G,/shop/productdetails/278393/johnny-wong-singapore-noodles
64309,Maggie Beer Ploughman's Chutney 130g,N/A,N/A,/shop/productdetails/64309/maggie-beer-ploughman-s-chutney
64311,Maggie Beer Tomato Shiraz & Sultana Chutney 130g,N/A,N/A,/shop/productdetails/64311/maggie-beer-tomato-shiraz-sultana-chutney
812313,Miguel Maestre Free Range Ham 2.4kg - 4.5kg,N/A,N/A,/shop/productdetails/812313/miguel-maestre-free-range-ham
69188,Miguel Maestre Leg Ham With Crispy Crackling 1.8kg - 2.3kg,N/A,N/A,/shop/productdetails/69188/miguel-maestre-leg-ham-with-crispy-crackling
119835,Moira Mac's Apricot Stuffed Chicken Breast 300g,N/A,N/A,/shop/productdetails/119835/moira-mac-s-apricot-stuffed-chicken-breast
120277,Moira Mac's Pistachio & Cranberry Stuffed Roast Turkey Breast 400g - 600g,N/A,N/A,/shop/productdetails/120277/moira-mac-s-pistachio-cranberry-stuffed-roast-turkey-breast
120370,Primo Festive Hamper Twin Pack 800g - 1.1kg,N/A,N/A,/shop/productdetails/120370/primo-festive-hamper-twin-pack
120056,Primo Leatherwood Glaze Honey Ham 1kg - 1.4kg,N/A,N/A,/shop/productdetails/120056/primo-leatherwood-glaze-honey-ham
672292,Riverina Full Cream Fetta 2kg,N/A,N/A,/shop/productdetails/672292/riverina-full-cream-fetta
73671,Three Aussie Farmers Spiral Ham Per Kg,N/A,N/A,/shop/productdetails/73671/three-aussie-farmers-spiral-ham
62642,Woolworths 97 Percent Fat Free Semi Dried Tomato 1kg,N/A,N/A,/shop/productdetails/62642/woolworths-97-percent-fat-free-semi-dried-tomato
161974,Woolworths Antipasto Assorted Platter 280g,N/A,N/A,/shop/productdetails/161974/woolworths-antipasto-assorted-platter
120225,Woolworths Boneless Honey Maple Glazed Loin Ham 800g - 1.4kg,N/A,N/A,/shop/productdetails/120225/woolworths-boneless-honey-maple-glazed-loin-ham
68873,Woolworths Cranberry & Orange Glazed Loaf Chilled Meal 650g,N/A,N/A,/shop/productdetails/68873/woolworths-cranberry-orange-glazed-loaf-chilled-meal
62644,Woolworths Green Olives Stuffed With Creamy Fetta 1kg,N/A,N/A,/shop/productdetails/62644/woolworths-green-olives-stuffed-with-creamy-fetta
477641,Woolworths Semi Dried Tomatoes In Mediterranean Herbs Per Kg,N/A,N/A,/shop/productdetails/477641/woolworths-semi-dried-tomatoes-in-mediterranean-herbs
740117,Woolworths Whole Plain Kalamata Olives Extra Jumbo Per Kg,N/A,N/A,/shop/productdetails/740117/woolworths-whole-plain-kalamata-olives-extra-jumbo
