825120,Woolworths 8 Chicken Sausages 600g,$7.00,$11.67 / 1KG,/shop/productdetails/825120/woolworths-8-chicken-sausages
675653,Woolworths Beef Scotch Fillet Steak Small 180g - 300g,$12.90,$43.00 / 1KG,/shop/productdetails/675653/woolworths-beef-scotch-fillet-steak-small
175571,Macro Grass Fed Beef Rump Medallions 300g,$12.00,$40.00 / 1KG,/shop/productdetails/175571/macro-grass-fed-beef-rump-medallions
25734,Woolworths Rspca Approved Chicken Breast Fillet Min. 250g,$9.50,$9.50 / 1KG,/shop/productdetails/25734/woolworths-rspca-approved-chicken-breast-fillet
157055,Woolworths Salmon Portions Skin Off 4 Pack,$17.50,$38.04 / 1KG,/shop/productdetails/157055/woolworths-salmon-portions-skin-off
259832,Woolworths Frozen Salmon Fillets Skin On 250g,$7.00,$28.00 / 1KG,/shop/productdetails/259832/woolworths-frozen-salmon-fillets-skin-on
589137,Woolworths Homestyle Beef Rissoles 8 Pack,$8.50,$14.17 / 1KG,/shop/productdetails/589137/woolworths-homestyle-beef-rissoles
83729,Woolworths Italian Style Fennel Pork Sausages 500g,$8.50,$17.00 / 1KG,/shop/productdetails/83729/woolworths-italian-style-fennel-pork-sausages
83728,Woolworths Classic Cumberland Pork Sausages 500g,$8.50,$17.00 / 1KG,/shop/productdetails/83728/woolworths-classic-cumberland-pork-sausages
433191,Chicken Schnitzel Parmi Crumbed Each,$3.70,$3.70 / 1EA,/shop/productdetails/433191/chicken-schnitzel-parmi-crumbed
345348,Ocean Blue Smoked Salmon 180g,$10.50,$58.33 / 1KG,/shop/productdetails/345348/ocean-blue-smoked-salmon
847049,Tassal Smoked Salmon 150g,$12.00,$80.00 / 1KG,/shop/productdetails/847049/tassal-smoked-salmon
763541,Ocean Chef Salmon Portions Skin On 1kg,$29.50,$29.50 / 1KG,/shop/productdetails/763541/ocean-chef-salmon-portions-skin-on
82224,Woolworths Beef Eye Fillet Thick Cut Steak 320g,$22.50,$70.31 / 1KG,/shop/productdetails/82224/woolworths-beef-eye-fillet-thick-cut-steak
109099,Woolworths Aussie Beef Gluten Free Sausage Mince 500g,$6.00,$12.00 / 1KG,/shop/productdetails/109099/woolworths-aussie-beef-gluten-free-sausage-mince
71859,D'orsogna Middle Bacon Per Kg,$12.00,$12.00 / 1KG,/shop/productdetails/71859/d-orsogna-middle-bacon
764264,Woolworths Beef & Lamb Meatballs 400g,$8.00,$20.00 / 1KG,/shop/productdetails/764264/woolworths-beef-lamb-meatballs
83727,Woolworths Fetta & Spinach Chicken Sausages 500g,$8.50,$17.00 / 1KG,/shop/productdetails/83727/woolworths-fetta-spinach-chicken-sausages
846997,Superior Gold Salmon Smoked 180g,$14.50,$80.56 / 1KG,/shop/productdetails/846997/superior-gold-salmon-smoked
675315,Woolworths Beef Eye Fillet Steak 200g - 500g,$20.25,$45.00 / 1KG,/shop/productdetails/675315/woolworths-beef-eye-fillet-steak
577864,Woolworths Beef Mince 1kg,$12.00,$12.00 / 1KG,/shop/productdetails/577864/woolworths-beef-mince
134036,Woolworths Chicken Bulk Schnitzels 1.5kg,$15.50,$10.33 / 1KG,/shop/productdetails/134036/woolworths-chicken-bulk-schnitzels
891961,Just Caught Atlantic Salmon Skinless 1kg,$29.00,$29.00 / 1KG,/shop/productdetails/891961/just-caught-atlantic-salmon-skinless
134041,Woolworths Chicken Schnitzels 600g,$11.50,$19.17 / 1KG,/shop/productdetails/134041/woolworths-chicken-schnitzels
178143,Peppercorn Beef Sausages Extra Lean 450g,$10.00,$22.22 / 1KG,/shop/productdetails/178143/peppercorn-beef-sausages-extra-lean
680992,Woolworths Pork Sizzle Steak 400g,$8.00,$20.00 / 1KG,/shop/productdetails/680992/woolworths-pork-sizzle-steak
675632,Beef Chuck Steak Medium 300g - 700g,$12.60,$18.00 / 1KG,/shop/productdetails/675632/woolworths-beef-chuck-steak-medium
846996,Tassal Hot Smoked Salmon Peppercorn 150g,$10.50,$70.00 / 1KG,/shop/productdetails/846996/tassal-hot-smoked-salmon-peppercorn
83534,Woolworths Cook Marinated Lamb Steaks With Thyme Pepper & Garlic 270g,N/A,N/A,/shop/productdetails/83534/woolworths-cook-marinated-lamb-steaks-with-thyme-pepper-garlic
129693,Champagne Leg Ham Shaved From The Deli Per Kg,$22.00,$22.00 / 1KG,/shop/productdetails/129693/champagne-leg-ham-shaved-from-the-deli
426535,Clearly Premium Smoked Salmon 500g,$25.00,$50.00 / 1KG,/shop/productdetails/426535/clearly-premium-smoked-salmon
675651,Woolworths Beef T Bone Steak Medium 250g - 700g,$16.50,$30.00 / 1KG,/shop/productdetails/675651/woolworths-beef-t-bone-steak-medium
700279,Macro Chicken Tenderloins Free Range 440g - 750g,$15.00,$20.00 / 1KG,/shop/productdetails/700279/macro-chicken-tenderloins-free-range
859126,Fresh Salmon Skin On Bag And Bake Teriyaki Ginger Per Kg,$29.00,$29.00 / 1KG,/shop/productdetails/859126/fresh-salmon-skin-on-bag-and-bake-teriyaki-ginger
675490,Woolworths Lamb Leg Steak 270g,$8.50,$31.48 / 1KG,/shop/productdetails/675490/woolworths-lamb-leg-steak
130482,Woolworths Thawed Squid Tubes Per Kg,$21.00,$21.00 / 1KG,/shop/productdetails/130482/woolworths-thawed-squid-tubes
243050,Woolworths Beef Porterhouse Steak & Butter 400g,$18.00,$45.00 / 1KG,/shop/productdetails/243050/woolworths-beef-porterhouse-steak-butter
311660,Fitzco Aussie Country Style Burgers Style Burger 9 Pack,$6.20,$12.40 / 1KG,/shop/productdetails/311660/fitzco-aussie-country-style-burgers-style-burger
175734,D'orsogna Ham Leg Triple Smoked 97% Fat Free Shaved 1kg,$25.00,$25.00 / 1KG,/shop/productdetails/175734/d-orsogna-ham-leg-triple-smoked-97-fat-free-shaved
764541,Woolworths Pork Shoulder Roast Boneless 1.3kg - 2.8kg,$22.40,$8.00 / 1KG,/shop/productdetails/764541/woolworths-pork-shoulder-roast-boneless-boneless-small
82226,Woolworths Beef Scotch Fillet Steak Steak 300g,$15.00,$50.00 / 1KG,/shop/productdetails/82226/woolworths-beef-scotch-fillet-steak-steak
178137,Peppercorn Beef Burger Extra Lean 500g,$10.00,$20.00 / 1KG,/shop/productdetails/178137/peppercorn-beef-burger-extra-lean
827609,Woolworths Lamb Leg Steak 540g,$16.00,$29.63 / 1KG,/shop/productdetails/827609/woolworths-lamb-leg-steak
577860,Woolworths Heart Smart Extra Lean Beef Mince 500g,$10.50,$21.00 / 1KG,/shop/productdetails/577860/woolworths-heart-smart-extra-lean-beef-mince
593307,Thawed Marinara Mix Per Kg,$14.00,$14.00 / 1KG,/shop/productdetails/593307/marinara-mix-thawed-marinara-mix
328044,Primo Speck Portion Min. 380g,$12.01,$31.60 / 1KG,/shop/productdetails/328044/primo-speck-portion
697368,Woolworths Cook Pork Steaks With Sweet & Smokey Bbq Glaze 250g,$8.00,$32.00 / 1KG,/shop/productdetails/697368/woolworths-cook-pork-steaks-with-sweet-smokey-bbq-glaze
96995,Woolworths Green Banana Prawns Large Thawed Per Kg,$26.00,$26.00 / 1KG,/shop/productdetails/96995/woolworths-green-banana-prawns-large-thawed
741794,Don Cocktail Frankfurts From The Deli Per Kg,$9.00,$9.00 / 1KG,/shop/productdetails/741794/don-cocktail-frankfurts-from-the-deli
134082,Woolworths Chicken Schnitzels Garlic & Herb 600g,$11.50,$19.17 / 1KG,/shop/productdetails/134082/woolworths-chicken-schnitzels-garlic-herb
97444,Gourmet Seafood Salad Chilled Premium Gourmet Per Kg,$19.50,$19.50 / 1KG,/shop/productdetails/97444/gourmet-seafood-salad-chilled-premium-gourmet
157052,Woolworths Salmon Portions Skin On 2 Pack,$12.00,$42.86 / 1KG,/shop/productdetails/157052/woolworths-salmon-portions-skin-on
82225,Woolworths Beef Porterhouse Steak Thick Cut 300g,$15.50,$51.67 / 1KG,/shop/productdetails/82225/woolworths-beef-porterhouse-steak-thick-cut
756620,Woolworths Hot Smoked Salmon Natural 150g,$7.50,$50.00 / 1KG,/shop/productdetails/756620/woolworths-hot-smoked-salmon-natural
60058,Woolworths Angus Beef Burgers Sea Salt & Pepper 450g,$9.00,$20.00 / 1KG,/shop/productdetails/60058/woolworths-angus-beef-burgers-sea-salt-pepper
764099,Woolworths Hot Smoked Salmon Pepper 150g,$7.50,$50.00 / 1KG,/shop/productdetails/764099/woolworths-hot-smoked-salmon-pepper
841749,Birch & Waite Rich Tartare Seafood Sauce 250ml,$5.25,$2.10 / 100ML,/shop/productdetails/841749/birch-waite-rich-tartare-seafood-sauce
822439,Woolworths Pork & Veal Meatballs 400g,$8.00,$20.00 / 1KG,/shop/productdetails/822439/woolworths-pork-veal-meatballs
67763,Ingham's Turkey Breast Strips 400g,N/A,N/A,/shop/productdetails/67763/ingham-s-turkey-breast-strips
531015,Woolworths Beef Stir Fry 500g,$12.00,$24.00 / 1KG,/shop/productdetails/531015/woolworths-beef-stir-fry
829116,Woolworths Loin Steaks Pork 500g,$10.00,$20.00 / 1KG,/shop/productdetails/829116/woolworths-loin-steaks-pork
746376,D'orsogna Plain Streaky Bacon From The Deli Per Kg,$18.00,$18.00 / 1KG,/shop/productdetails/746376/d-orsogna-plain-streaky-bacon-from-the-deli
764321,Woolworths Bbq Classic Beef Burger 4 Pack,$8.50,$17.00 / 1KG,/shop/productdetails/764321/woolworths-bbq-classic-beef-burger
67739,Ingham's Turkey Breast Steaks 400g,$10.00,$25.00 / 1KG,/shop/productdetails/67739/ingham-s-turkey-breast-steaks
830166,Clearly Premium Smoked Salmon 100g,$7.50,$75.00 / 1KG,/shop/productdetails/830166/clearly-premium-smoked-salmon
764527,Woolworths Pork Leg Roast Boneless 1.2kg - 2.6kg,$28.60,$11.00 / 1KG,/shop/productdetails/764527/woolworths-pork-leg-roast-boneless-boneless-small
176620,Tassal Salmon Mustard & Dill 300g,$14.00,$46.67 / 1KG,/shop/productdetails/176620/tassal-salmon-mustard-dill
157053,Woolworths Salmon Portions Skin Off 2 Pack,$13.00,$46.43 / 1KG,/shop/productdetails/157053/woolworths-salmon-portions-skin-off
71841,D'orsogna Shortcut Bacon Per Kg,$18.00,$18.00 / 1KG,/shop/productdetails/71841/d-orsogna-shortcut-bacon
840244,Ingham's Turkey Breast Mince 400g,$10.00,$25.00 / 1KG,/shop/productdetails/840244/ingham-s-turkey-breast-mince
577862,Woolworths Lean Beef Mince 1kg,$16.00,$16.00 / 1KG,/shop/productdetails/577862/woolworths-lean-beef-mince
741872,Don Thin Frankfurts From The Deli Per Kg,$9.00,$9.00 / 1KG,/shop/productdetails/741872/don-thin-frankfurts-from-the-deli
250457,"Woolworths Roast Beef In Onion, Garlic & Red Wine 800g - 1.5kg",$24.00,$16.00 / 1KG,/shop/productdetails/250457/woolworths-roast-beef-in-onion-garlic-red-wine
67117,Thawed Garlic Marinated Prawn Skewer Each,$1.90,$1.90 / 1EA,/shop/productdetails/67117/garlic-thawed-garlic-marinated-prawn-skewer
162379,Woolworths 16 Chicken Chipolatas 600g,$7.00,$11.67 / 1KG,/shop/productdetails/162379/woolworths-16-chicken-chipolatas
577861,Woolworths Lean Beef Mince 500g,$9.50,$19.00 / 1KG,/shop/productdetails/577861/woolworths-lean-beef-mince
764968,Woolworths Lamb Leg Roast Half 750g - 1.6kg,$19.20,$12.00 / 1KG,/shop/productdetails/764968/woolworths-lamb-leg-roast-half
577863,Woolworths Beef Mince 500g,$7.00,$14.00 / 1KG,/shop/productdetails/577863/woolworths-beef-mince
666358,Clearly Premium Smoked Ocean Trout 500g,$25.00,$50.00 / 1KG,/shop/productdetails/666358/clearly-premium-smoked-ocean-trout
217404,Primo Kransky Cheese From The Deli Per Kg,N/A,N/A,/shop/productdetails/217404/primo-kransky-cheese-from-the-deli
582608,Woolworths Lean Pork Mince 500g,$6.00,$12.00 / 1KG,/shop/productdetails/582608/woolworths-lean-pork-mince
162393,Woolworths 6 Beef Sausage With Roasted Garlic & Parsley 500g,$8.00,$16.00 / 1KG,/shop/productdetails/162393/woolworths-6-beef-sausage-with-roasted-garlic-parsley
175633,Macro Grass Fed Australian New York Steak With Garlic Sage Butter 250g,$14.00,$56.00 / 1KG,/shop/productdetails/175633/macro-grass-fed-australian-new-york-steak-with-garlic-sage-butter
117766,Woolworths Heart Smart Veal Schnitzel 290g - 500g,$17.50,$35.00 / 1KG,/shop/productdetails/117766/woolworths-heart-smart-veal-schnitzel
785788,Moira Mac's Oven Roasted Chicken Breast Shredded From The Deli Per Kg,$27.50,$27.50 / 1KG,/shop/productdetails/785788/moira-mac-s-oven-roasted-chicken-breast-shredded-from-the-deli
700228,Macro Chicken Breast Fillets Free Range 570g - 1.1kg,$14.30,$13.00 / 1KG,/shop/productdetails/700228/macro-chicken-breast-fillets-free-range
733123,Woolworths Bbq Lamb Kebabs With Mint & Honey 450g,$8.50,$18.89 / 1KG,/shop/productdetails/733123/woolworths-bbq-lamb-kebabs-with-mint-honey
40556,Primo Kransky Double Smoked From The Deli Per Kg,$16.60,$16.60 / 1KG,/shop/productdetails/40556/primo-kransky-double-smoked-from-the-deli
708457,Goulburn River Trout Hot Smoked Rainbow Trout 350g,$13.50,$38.57 / 1KG,/shop/productdetails/708457/goulburn-river-trout-hot-smoked-rainbow-trout
764859,Macro Free Range Chicken Thigh Fillet 600 - 1.2kg,$19.80,$16.50 / 1KG,/shop/productdetails/764859/macro-free-range-chicken-thigh-fillet
764294,Market Value 10 Beef Burgers 1kg,N/A,N/A,/shop/productdetails/764294/market-value-10-beef-burgers
18578,Woolworths Rspca Approved Chicken Tenderloins Per Kg,$14.50,$14.50 / 1KG,/shop/productdetails/18578/woolworths-rspca-approved-chicken-tenderloins
55374,Woolworths Shortcut Bacon 500g,$8.00,$16.00 / 1KG,/shop/productdetails/55374/woolworths-shortcut-bacon
23173,Chicken Wings Three Joint Per Kg,$6.50,$6.50 / 1KG,/shop/productdetails/23173/chicken-wings-three-joint
23208,Chicken Legs Drumsticks Per Kg,$4.00,$4.00 / 1KG,/shop/productdetails/23208/chicken-legs-drumsticks
157302,The Salad Servers Quinoa Tabbouleh 300g,$6.95,$2.32 / 100G,/shop/productdetails/157302/the-salad-servers-quinoa-tabbouleh
2841,Woolworths Rspca Approved Chicken Stirfry 500g,$8.00,$16.00 / 1KG,/shop/productdetails/2841/woolworths-rspca-approved-chicken-stirfry
868940,Lamb Shanks 500g - 950g,$13.78,$14.50 / 1KG,/shop/productdetails/868940/lamb-shanks
184653,Macro Whole Chicken Free Range 1.1kg - 2.25kg,$10.13,$4.50 / 1KG,/shop/productdetails/184653/macro-whole-chicken-free-range
766473,Ocean Blue Surimi Sea Sticks 150g,$5.50,$36.67 / 1KG,/shop/productdetails/766473/ocean-blue-surimi-sea-sticks
120843,Ocean Blue Sliced Smoked Salmon Cracked Pepper 100g,$6.00,$60.00 / 1KG,/shop/productdetails/120843/ocean-blue-sliced-smoked-salmon-cracked-pepper
769243,Woolworths Chicken Kyiv Garlic Each,$1.50,$1.50 / 1EA,/shop/productdetails/769243/woolworths-chicken-kyiv-garlic
563002,Market Value Bbq Pack 8 Sausages & 4 Burgers 1kg,$11.00,$11.00 / 1KG,/shop/productdetails/563002/market-value-bbq-pack-8-sausages-4-burgers
666563,Just Caught Peeled & Deveined Raw Prawns 1kg,$28.00,$28.00 / 1KG,/shop/productdetails/666563/just-caught-peeled-deveined-raw-prawns
873838,Fitzco Home Style Chicken Burgers 500g,N/A,N/A,/shop/productdetails/873838/fitzco-home-style-chicken-burgers
749838,Chicken Wings Buffalo Per Kg,N/A,N/A,/shop/productdetails/749838/chicken-wings-buffalo
250449,Woolworths Roast Beef Marinated In A Classic Herb Mix 900g - 1.65kg,$23.20,$16.00 / 1KG,/shop/productdetails/250449/woolworths-roast-beef-marinated-in-a-classic-herb-mix
162394,Woolworths 6 Pork Sausage Sautee Onion & Sage 500g,$8.00,$16.00 / 1KG,/shop/productdetails/162394/woolworths-6-pork-sausage-sautee-onion-sage
175593,Macro Grass Fed Australian Beef Scotch Fillet 270g,$10.00,$37.04 / 1KG,/shop/productdetails/175593/macro-grass-fed-australian-beef-scotch-fillet
690880,Woolworths Surimi Mix 1kg,$9.00,$9.00 / 1KG,/shop/productdetails/690880/woolworths-surimi-mix
660745,Ingham's Turkey Thigh Roast 800g - 1.2kg,$14.40,$12.00 / 1KG,/shop/productdetails/660745/ingham-s-turkey-thigh-roast
772577,Ocean Chef Squid Salt & Pepper 360g,$6.00,$16.67 / 1KG,/shop/productdetails/772577/ocean-chef-squid-salt-pepper
756107,Woolworths Corned Beef Silverside Portion 500g - 1.1kg,$20.90,$19.00 / 1KG,/shop/productdetails/756107/woolworths-corned-beef-silverside-portion
811663,Woolworths Cook Lemon Herb Salmon Portions 315g,N/A,N/A,/shop/productdetails/811663/woolworths-cook-lemon-herb-salmon-portions
84993,Woolworths &veg Beef Meatballs With Carrot Celery Tomato & Onion 400g,$8.00,$20.00 / 1KG,/shop/productdetails/84993/woolworths-veg-beef-meatballs-with-carrot-celery-tomato-onion
48527,Hans Devon Sliced Per Kg,$9.60,$9.60 / 1KG,/shop/productdetails/48527/hans-devon-sliced
63226,Woolworths Fresh Large Tiger Prawn Per Kg,$33.00,$33.00 / 1KG,/shop/productdetails/63226/woolworths-fresh-large-tiger-prawn
582607,Woolworths Lamb Mince 500g,$7.50,$15.00 / 1KG,/shop/productdetails/582607/woolworths-lamb-mince
22200,Green King Prawns Large Thawed Per Kg,$22.00,$22.00 / 1KG,/shop/productdetails/22200/prawn-green-king-prawns-large-thawed
130276,Deli Leg Ham Shaved From The Deli Per Kg,$18.00,$18.00 / 1KG,/shop/productdetails/130276/deli-leg-ham-shaved-from-the-deli
239598,Woolworths Pork & Beef Mince 500g,$6.50,$13.00 / 1KG,/shop/productdetails/239598/woolworths-pork-beef-mince
519549,D'orsogna Maple Glazed Streaky Bacon From The Deli Per Kg,$18.00,$18.00 / 1KG,/shop/productdetails/519549/d-orsogna-maple-glazed-streaky-bacon-from-the-deli
46119,Woolworths Thawed Extra Large Cooked Tiger Prawns Per Kg,$36.00,$36.00 / 1KG,/shop/productdetails/46119/woolworths-thawed-extra-large-cooked-tiger-prawns
345351,Ocean Blue Ocean Trout Smoked 100g,$7.80,$78.00 / 1KG,/shop/productdetails/345351/ocean-blue-ocean-trout-smoked
71860,D'orsogna Diced Bacon Per Kg,$16.00,$16.00 / 1KG,/shop/productdetails/71860/d-orsogna-diced-bacon
697369,Woolworths Cook Slow Cooked Pork Ribs In Smokey Bbq Sauce 650g,$14.00,$21.54 / 1KG,/shop/productdetails/697369/woolworths-cook-slow-cooked-pork-ribs-in-smokey-bbq-sauce
772620,Ocean Chef Squid Rings Panko 360g,$6.00,$16.67 / 1KG,/shop/productdetails/772620/ocean-chef-squid-rings-panko
114253,Woolworths Rspca Approved Chicken Breast Schnitzels 500g,$10.50,$21.00 / 1KG,/shop/productdetails/114253/woolworths-rspca-approved-chicken-breast-schnitzels
826675,Steggles Family Roast Chicken Whole 1.9kg - 3.1kg,$21.70,$7.00 / 1KG,/shop/productdetails/826675/steggles-family-roast-chicken-whole
811661,Woolworths Cook Asian Style Salmon Portions 325g,N/A,N/A,/shop/productdetails/811661/woolworths-cook-asian-style-salmon-portions
175592,Macro Grass Fed Australian Beef Eye Fillet 320g,$18.00,$56.25 / 1KG,/shop/productdetails/175592/macro-grass-fed-australian-beef-eye-fillet
190683,Woolworths Vannamei Prawns Small Cooked Thawed Per Kg,$20.00,$20.00 / 1KG,/shop/productdetails/190683/woolworths-vannamei-prawns-small-cooked-thawed
175566,Macro Grass Fed Beef Sausage 500g,$9.00,$18.00 / 1KG,/shop/productdetails/175566/macro-grass-fed-beef-sausage
354118,Chicken Thigh Cutlets Skin On Per Kg,$7.00,$7.00 / 1KG,/shop/productdetails/354118/chicken-thigh-cutlets-skin-on
801197,From The Deli Beretta Italian Prosciutto Di Parma Freshly Sliced Per Kg,$64.00,$64.00 / 1KG,/shop/productdetails/801197/from-the-deli-beretta-italian-prosciutto-di-parma-freshly-sliced
937258,D'orsogna Premium Ham Off The Bone Shaved From The Deli Per Kg,$34.00,$34.00 / 1KG,/shop/productdetails/937258/d-orsogna-premium-ham-off-the-bone-shaved-from-the-deli
55375,Woolworths Shortcut Bacon 1kg,$12.00,$12.00 / 1KG,/shop/productdetails/55375/woolworths-shortcut-bacon
353946,Bertocchi Premium Boneless Leg Ham Shaved From The Deli Per Kg,$26.50,$26.50 / 1KG,/shop/productdetails/353946/bertocchi-premium-boneless-leg-ham-shaved-from-the-deli
169853,Woolworths Pork Mince 800g,$7.00,$8.75 / 1KG,/shop/productdetails/169853/woolworths-pork-mince
428204,Woolworths Cook Roast Beef With Onion & Garlic Gravy 500g,$13.00,$26.00 / 1KG,/shop/productdetails/428204/woolworths-cook-roast-beef-with-onion-garlic-gravy
436463,Don Shredded Ham Per Kg,$20.00,$20.00 / 1KG,/shop/productdetails/436463/don-shredded-ham
509865,Woolworths Short Cut Bacon 200g,$4.30,$21.50 / 1KG,/shop/productdetails/509865/woolworths-short-cut-bacon
81621,Woolworths Cook Chicken Breast Steaks Lemon & Pepper 500g,$10.50,$21.00 / 1KG,/shop/productdetails/81621/woolworths-cook-chicken-breast-steaks-lemon-pepper
114251,Macro Free Range Chicken Breast Schnitzel 500g,$11.50,$23.00 / 1KG,/shop/productdetails/114251/macro-free-range-chicken-breast-schnitzel
30936,Ingham's Chicken Sliced Roll Per Kg,$15.00,$15.00 / 1KG,/shop/productdetails/30936/ingham-s-chicken-sliced-roll
160857,Macro Free Range Chicken Schnitzel 350g,$8.50,$2.43 / 100G,/shop/productdetails/160857/macro-free-range-chicken-schnitzel
162395,Woolworths 6 Chicken Sausage With Roasted Garlic & Thyme 500g,$8.00,$16.00 / 1KG,/shop/productdetails/162395/woolworths-6-chicken-sausage-with-roasted-garlic-thyme
360563,Woolworths Chicken Mince 500g,$5.00,$10.00 / 1KG,/shop/productdetails/360563/woolworths-chicken-mince
87465,Woolworths Freshwater Basa Fillets Thawed Per Kg,$11.00,$11.00 / 1KG,/shop/productdetails/87465/woolworths-freshwater-basa-fillets-thawed
84045,Woolworths Fresh Snapper Saddletail Fillets Per Kg,N/A,N/A,/shop/productdetails/84045/woolworths-fresh-snapper-saddletail-fillets
786199,Raw Prawns Tiger Extra Large Per Kg,$29.00,$29.00 / 1KG,/shop/productdetails/786199/raw-prawns-tiger-extra-large
158634,Chicken Wings Honey Soy Per Kg,$9.00,$9.00 / 1KG,/shop/productdetails/158634/chicken-wings-honey-soy
800956,Noel Smoked Spanish Jamon Serrano Freshly Sliced From The Deli Per Kg,$50.00,$50.00 / 1KG,/shop/productdetails/800956/noel-smoked-spanish-jamon-serrano-freshly-sliced-from-the-deli
184649,Macro Chicken Thigh Fillets Free Range 380g - 750g,$13.88,$18.50 / 1KG,/shop/productdetails/184649/macro-chicken-thigh-fillets-free-range
841751,Birch & Waite Seafood Sauce Creamy Cocktail 250ml,$5.25,$2.10 / 100ML,/shop/productdetails/841751/birch-waite-seafood-sauce-creamy-cocktail
95875,Petuna Atlantic Salmon Fillets 800g,N/A,N/A,/shop/productdetails/95875/petuna-atlantic-salmon-fillets
120419,Thawed Imported Raw Prawns Per Kg,$30.00,$30.00 / 1KG,/shop/productdetails/120419/thawed-imported-raw-prawns
81632,Woolworths Cook Chicken Breast Steaks Sweet Soy Bbq 500g,$10.50,$21.00 / 1KG,/shop/productdetails/81632/woolworths-cook-chicken-breast-steaks-sweet-soy-bbq
675643,Woolworths Lamb Rump Steak Medium 400g - 600g,N/A,N/A,/shop/productdetails/675643/woolworths-lamb-rump-steak-medium
71587,Woolworths Barramundi Thawed Fillets Per Kg,$19.00,$19.00 / 1KG,/shop/productdetails/71587/woolworths-barramundi-thawed-fillets
675492,Woolworths Scotch Fillet Pork 600g,$12.00,$20.00 / 1KG,/shop/productdetails/675492/woolworths-scotch-fillet-pork
675482,Woolworths Diced Beef Heart Smart 500g,$11.00,$22.00 / 1KG,/shop/productdetails/675482/woolworths-diced-beef-heart-smart
187172,Just Caught Frozen Natural Squid Rings 500g,N/A,N/A,/shop/productdetails/187172/just-caught-frozen-natural-squid-rings
969723,Woolworths Rspca Approved Chicken Breast Fillet 1.5kg - 1.7kg,$18.70,$11.00 / 1KG,/shop/productdetails/969723/woolworths-rspca-approved-chicken-breast-fillet
727050,Ocean Chef Usa Sea Scallops 425g,$26.50,$62.35 / 1KG,/shop/productdetails/727050/ocean-chef-usa-sea-scallops
347508,De Costi Salt & Pepper Squid 270g,$9.00,$33.33 / 1KG,/shop/productdetails/347508/de-costi-salt-pepper-squid
624299,Woolworths Premium Roast Beef 97% Fat Free Sliced From The Deli Per Kg,$35.00,$35.00 / 1KG,/shop/productdetails/624299/woolworths-premium-roast-beef-97-fat-free-sliced-from-the-deli
62050,Just Caught Raw Prawn Meat 300g,$10.00,$33.33 / 1KG,/shop/productdetails/62050/just-caught-raw-prawn-meat
83532,Woolworths Cook Pork Loin Roast With Herbs & Spices 500g - 750g,N/A,N/A,/shop/productdetails/83532/woolworths-cook-pork-loin-roast-with-herbs-spices
190082,The British Sausage Co British Thick Pork Sausage 500g,$7.50,$15.00 / 1KG,/shop/productdetails/190082/the-british-sausage-co-british-thick-pork-sausage
134085,Woolworths Southern Style Buttermilk Chicken Thigh Fillet Burgers 350g,$9.00,$25.71 / 1KG,/shop/productdetails/134085/woolworths-southern-style-buttermilk-chicken-thigh-fillet-burgers
187175,Woolworths Beef Chevaps 500g,$8.00,$16.00 / 1KG,/shop/productdetails/187175/woolworths-beef-chevaps
727622,Woolworths Rspca Approved Fresh Chicken Thigh Fillets Skinless Tray 1.3kg - 2kg,$27.00,$13.50 / 1KG,/shop/productdetails/727622/woolworths-rspca-approved-fresh-chicken-thigh-fillets-skinless-tray
675622,Woolworths Pork Ribs 600g - 1.3kg,$23.40,$18.00 / 1KG,/shop/productdetails/675622/woolworths-pork-ribs
185268,Woolworths Moisture Infused Topside Roast Beef 600g - 2kg,$36.00,$18.00 / 1KG,/shop/productdetails/185268/woolworths-moisture-infused-topside-roast-beef
764979,Lamb Leg Roast 1.8kg - 2.8kg,$33.60,$12.00 / 1KG,/shop/productdetails/764979/lamb-leg-roast
30898,Woolworths Cooked Small Tiger Prawn Per Kg,$20.00,$20.00 / 1KG,/shop/productdetails/30898/woolworths-cooked-small-tiger-prawn
164677,Woolworths Roasted Garlic Chicken Tenderloins 400g,$9.50,$23.75 / 1KG,/shop/productdetails/164677/woolworths-roasted-garlic-chicken-tenderloins
48358,Woolworths Middle Bacon 1kg,$12.00,$12.00 / 1KG,/shop/productdetails/48358/woolworths-middle-bacon-middle-rashers
91597,Thawed Marinated Garlic Prawn Per Kg,$33.00,$33.00 / 1KG,/shop/productdetails/91597/thawed-marinated-garlic-prawn
700269,Macro Chicken Wing Nibbles Free Range 600g - 800g,$7.20,$9.00 / 1KG,/shop/productdetails/700269/macro-chicken-wing-nibbles-free-range
231651,"Woolworths Pork, Apple And Tasmanian Cider Sausages 500g",$8.50,$17.00 / 1KG,/shop/productdetails/231651/woolworths-pork-apple-and-tasmanian-cider-sausages
334982,Hans Pork Ham Steaks 300g,$4.50,$15.00 / 1KG,/shop/productdetails/334982/hans-pork-ham-steaks
81633,Woolworths Cook Chicken Breast Steaks Chilli Garlic & Rosemary 500g,$10.50,$21.00 / 1KG,/shop/productdetails/81633/woolworths-cook-chicken-breast-steaks-chilli-garlic-rosemary
873023,Woolworths Smoked Mussels In Oil 85g,$1.70,$20.00 / 1KG,/shop/productdetails/873023/woolworths-smoked-mussels-in-oil
841741,Birch & Waite Parsley Dill & Tarragon Seafood Sauce 250ml,$5.25,$2.10 / 100ML,/shop/productdetails/841741/birch-waite-parsley-dill-tarragon-seafood-sauce
184628,Macro Chicken Breast Fillets Free Range 410g - 900g,$15.30,$17.00 / 1KG,/shop/productdetails/184628/macro-chicken-breast-fillets-free-range
200152,Woolworths Lamb Easy Carve Leg Roast 900g - 1.4kg,$28.00,$20.00 / 1KG,/shop/productdetails/200152/woolworths-lamb-easy-carve-leg-roast
135622,Woolworths Cook Beef Rump Mini Roast With Mustard & Herbs 350g - 650g,$18.85,$29.00 / 1KG,/shop/productdetails/135622/woolworths-cook-beef-rump-mini-roast-with-mustard-herbs
345352,Ocean Blue Smoked Ocean Trout Sliced 50g,$4.90,$98.00 / 1KG,/shop/productdetails/345352/ocean-blue-smoked-ocean-trout-sliced
245493,Ocean King Smoked Salmon 100g,$5.40,$54.00 / 1KG,/shop/productdetails/245493/ocean-king-smoked-salmon
175570,Macro Grass Fed Australian Beef Mince 500g,$10.00,$20.00 / 1KG,/shop/productdetails/175570/macro-grass-fed-australian-beef-mince
104334,Woolworths Bbq Chicken Burgers Zucchini & Parmesan 450g,$9.00,$20.00 / 1KG,/shop/productdetails/104334/woolworths-bbq-chicken-burgers-zucchini-parmesan
764406,Woolworths Pork Loin Roast Boneless Small 1.2kg - 2kg,$28.00,$14.00 / 1KG,/shop/productdetails/764406/woolworths-pork-loin-roast-boneless-small
16349,Ingham's Chicken Breast Supreme Sliced From The Deli Per Kg,$22.50,$22.50 / 1KG,/shop/productdetails/16349/ingham-s-chicken-breast-supreme-sliced-from-the-deli
617010,Chicken Necks Fresh Per Kg,$5.00,$5.00 / 1KG,/shop/productdetails/617010/chicken-necks-fresh
119259,Woolworths Chicken Breast Fillet Skinless Small 500g - 650g,$8.45,$13.00 / 1KG,/shop/productdetails/119259/woolworths-chicken-breast-fillet-skinless-small
114258,Woolworths Rspca Approved Chicken Tenderloins 600g,$10.00,$16.67 / 1KG,/shop/productdetails/114258/woolworths-rspca-approved-chicken-tenderloins
236845,Macro Grass Fed Beef Mince Lean 500g,$11.00,$22.00 / 1KG,/shop/productdetails/236845/macro-grass-fed-beef-mince-lean
675483,Woolworths Diced Beef Casserole 500g,$11.00,$22.00 / 1KG,/shop/productdetails/675483/woolworths-diced-beef-casserole
346571,Just Caught Whiting Fillets Skin On 1kg,$13.00,$13.00 / 1KG,/shop/productdetails/346571/just-caught-whiting-fillets-skin-on
347074,Bertocchi Double Smoked Ham Off The Bone Freshly Shaved From The Deli Per Kg,$29.00,$29.00 / 1KG,/shop/productdetails/347074/bertocchi-double-smoked-ham-off-the-bone-freshly-shaved-from-the-deli
629441,Woolworths Cook Chicken Kebab Honey Soy 750g,$11.50,$15.33 / 1KG,/shop/productdetails/629441/woolworths-cook-chicken-kebab-honey-soy
120304,K-roo Kangaroo Sizzle Steak 400g,$9.00,$22.50 / 1KG,/shop/productdetails/120304/k-roo-kangaroo-sizzle-steak
765665,Woolworths Australian Rare Roast Beef Sliced From The Deli Per Kg,$38.00,$38.00 / 1KG,/shop/productdetails/765665/woolworths-australian-rare-roast-beef-sliced-from-the-deli
764567,Woolworths Beef Bolar Blade Roast 1kg - 1.9kg,$28.50,$15.00 / 1KG,/shop/productdetails/764567/woolworths-beef-bolar-blade-roast
675687,Woolworths Pork Rashers 350g- 800g,$16.80,$21.00 / 1KG,/shop/productdetails/675687/woolworths-pork-rashers
5274,Fresh Tasmanian Atlantic Skin On Salmon 2.5kg,N/A,N/A,/shop/productdetails/5274/fresh-tasmanian-atlantic-skin-on-salmon
97465,Woolworths Bbq Wagyu & Beef Chuck Burgers With Onion & Pepper 500g,$10.00,$20.00 / 1KG,/shop/productdetails/97465/woolworths-bbq-wagyu-beef-chuck-burgers-with-onion-pepper
727929,Woolworths Lamb Shoulder Roast 1.1kg - 1.7kg,N/A,N/A,/shop/productdetails/727929/woolworths-lamb-shoulder-roast
114261,Woolworths Rspca Approved Diced Breast 1kg,$15.50,$15.50 / 1KG,/shop/productdetails/114261/woolworths-rspca-approved-diced-breast
844680,Woolworths Fresh Skin On Barramundi Fillets Per Kg,$33.00,$33.00 / 1KG,/shop/productdetails/844680/woolworths-fresh-skin-on-barramundi-fillets
134032,Woolworths Stuffed Boneless Chicken Kyiv 700g,$9.00,$12.86 / 1KG,/shop/productdetails/134032/woolworths-stuffed-boneless-chicken-kyiv
345337,Tassal Salmon For Cooking 200g,$9.00,$45.00 / 1KG,/shop/productdetails/345337/tassal-salmon-for-cooking
445352,Woolworths Frozen Basa Fillets 1kg,$8.00,$8.00 / 1KG,/shop/productdetails/445352/woolworths-frozen-basa-fillets
177965,Tassal Tassie Salmon Burgers 4 Pack,$11.00,$27.50 / 1KG,/shop/productdetails/177965/tassal-tassie-salmon-burgers
794638,Ocean Chef Fish King Snapper Portions 1kg,$30.00,$30.00 / 1KG,/shop/productdetails/794638/ocean-chef-fish-king-snapper-portions
213858,Woolworths Bbq Chicken Breast Steaks With A Honey Mustard Marinade 500g,$10.50,$21.00 / 1KG,/shop/productdetails/213858/woolworths-bbq-chicken-breast-steaks-with-a-honey-mustard-marinade
763087,D'orsogna Bacon Streaky 200g,$7.00,$35.00 / 1KG,/shop/productdetails/763087/d-orsogna-bacon-streaky
212750,"Woolworths Chicken Sausages With Sundried Tomato, Mozzarella & Parsley 500g",$8.50,$17.00 / 1KG,/shop/productdetails/212750/woolworths-chicken-sausages-with-sundried-tomato-mozzarella-parsley
675494,Woolworths Pork Medallion 250g,$8.00,$32.00 / 1KG,/shop/productdetails/675494/woolworths-pork-medallion
764465,Pork Belly 600g - 1.3kg,$20.80,$16.00 / 1KG,/shop/productdetails/764465/pork-belly
41491,Holland House Rollmops Marinated 500g,$6.00,$12.00 / 1KG,/shop/productdetails/41491/holland-house-rollmops-marinated
212403,Ingham's Turkey Breast Portion 400g,$10.00,$25.00 / 1KG,/shop/productdetails/212403/ingham-s-turkey-breast-portion
266794,Woolworths Middle Bacon 250g,$4.30,$17.20 / 1KG,/shop/productdetails/266794/woolworths-middle-bacon-middle-cut-rashers
360768,De Costi Whiting Fillets Crumbed 275g,$11.00,$40.00 / 1KG,/shop/productdetails/360768/de-costi-whiting-fillets-crumbed
675623,Woolworths Pork Loin Chop Medium 200g - 600g,$9.00,$15.00 / 1KG,/shop/productdetails/675623/woolworths-pork-loin-chop-medium
210537,Ingham's Classic Turkey Breast Oven Roasted 800g,$22.50,$28.13 / 1KG,/shop/productdetails/210537/ingham-s-classic-turkey-breast-oven-roasted
213860,Woolworths Hickory Smoked Infused Beef Sausages 500g,$8.00,$16.00 / 1KG,/shop/productdetails/213860/woolworths-hickory-smoked-infused-beef-sausages
209039,Woolworths Cook Boneless Chicken With Sweet Roasted Pumpkin Stuffing 500g - 600g,$10.80,$18.00 / 1KG,/shop/productdetails/209039/woolworths-cook-boneless-chicken-with-sweet-roasted-pumpkin-stuffing
11303,Moira Mac's Marinated Bbq Chicken Breast Sliced Per Kg,$27.50,$27.50 / 1KG,/shop/productdetails/11303/moira-mac-s-marinated-bbq-chicken-breast-sliced
765062,Woolworths Lamb Forequarter Chops 4 - 6 Pieces 800g - 1.3kg,$24.70,$19.00 / 1KG,/shop/productdetails/765062/woolworths-lamb-forequarter-chops-4-6-pieces
188922,Woolworths Chicken Meatballs 400g,$7.50,$18.75 / 1KG,/shop/productdetails/188922/woolworths-chicken-meatballs
477866,Bertocchi Smoked Pork Bones Per Kg,$9.00,$9.00 / 1KG,/shop/productdetails/477866/bertocchi-smoked-pork-bones
194648,Woolworths Beef Lasagne 2kg,$13.30,$6.65 / 1KG,/shop/productdetails/194648/woolworths-beef-lasagne-null
212749,Woolworths Applewood Smoke Infused Pork Sausages 500g,$8.00,$16.00 / 1KG,/shop/productdetails/212749/woolworths-applewood-smoke-infused-pork-sausages
742211,Woolworths Rspca Approved Chicken Kebab Honey Soy Each,$1.30,$1.30 / 1EA,/shop/productdetails/742211/woolworths-rspca-approved-chicken-kebab-honey-soy
811474,Ocean Chef Salmon Portions Mediterranean Style 1kg,$29.50,$29.50 / 1KG,/shop/productdetails/811474/ocean-chef-salmon-portions-mediterranean-style
175567,Macro Grass Fed Beef Burger 500g,$9.00,$18.00 / 1KG,/shop/productdetails/175567/macro-grass-fed-beef-burger
764857,Macro Chicken Drumsticks Free Range 900g - 1.1kg,$5.50,$5.00 / 1KG,/shop/productdetails/764857/macro-chicken-drumsticks-free-range
48888,Woolworths Smoked Fillets Cod Per Kg,$16.50,$16.50 / 1KG,/shop/productdetails/48888/woolworths-smoked-fillets-cod
692995,Woolworths Beef Scotch Fillet Thin Slice 450g - 750g,$32.25,$43.00 / 1KG,/shop/productdetails/692995/woolworths-beef-scotch-fillet-thin-slice
247015,Tassal Smoked Tassie Salmon 50g X 2 Pack,$8.00,$80.00 / 1KG,/shop/productdetails/247015/tassal-smoked-tassie-salmon
36368,Woolworths Sweet & Smokey Bbq Chicken Wings Per Kg,$9.00,$9.00 / 1KG,/shop/productdetails/36368/woolworths-sweet-smokey-bbq-chicken-wings
119318,Woolworths Chicken Thigh Skinless Fillets Small 500g - 650g,$9.75,$15.00 / 1KG,/shop/productdetails/119318/woolworths-chicken-thigh-skinless-fillets-small
231672,Woolworths Chorizo With Roasted Garlic Sausages 500g,N/A,N/A,/shop/productdetails/231672/woolworths-chorizo-with-roasted-garlic-sausages
705144,Steggles Crumbed Chicken Breast Fingers 360g,$6.50,$18.06 / 1KG,/shop/productdetails/705144/steggles-crumbed-chicken-breast-fingers
160856,Woolworths Chicken Tenders 400g,$8.00,$20.00 / 1KG,/shop/productdetails/160856/woolworths-chicken-tenders
843231,Bertocchi Smoked Pork Meaty Hock Per Kg,$10.00,$10.00 / 1KG,/shop/productdetails/843231/bertocchi-smoked-pork-meaty-hock
249608,Woolworths Beef Breakfast Burger Patties 4 Pack,$3.50,$11.67 / 1KG,/shop/productdetails/249608/woolworths-beef-breakfast-burger-patties
66106,Primo Bacon Short Cut Rindless 175g,$6.20,$35.43 / 1KG,/shop/productdetails/66106/primo-bacon-short-cut-rindless
476944,Bertocchi Gold Long Rindless Bacon 400g,$10.00,$25.00 / 1KG,/shop/productdetails/476944/bertocchi-gold-long-rindless-bacon
109738,Macro Organic Beef Porterhouse Steak 200g - 350g,$19.25,$55.00 / 1KG,/shop/productdetails/109738/macro-organic-beef-porterhouse-steak
215712,Ingham's Turkey Mignon Wrapped In Bacon With Garlic Butter 400g,$11.00,$27.50 / 1KG,/shop/productdetails/215712/ingham-s-turkey-mignon-wrapped-in-bacon-with-garlic-butter
310516,Ingham's Turkey Drumsticks 1.3kg - 1.9kg,$18.05,$9.50 / 1KG,/shop/productdetails/310516/ingham-s-turkey-drumsticks
782001,Ocean Chef Tuna Yellowfin Tuna Steaks 1kg,$30.00,$30.00 / 1KG,/shop/productdetails/782001/ocean-chef-tuna-yellowfin-tuna-steaks
675671,Woolworths Pork Fillet Heart Smart 250g - 600g,$12.60,$21.00 / 1KG,/shop/productdetails/675671/woolworths-pork-fillet-heart-smart
727933,D'orsogna Streaky Bacon 500g,$12.50,$25.00 / 1KG,/shop/productdetails/727933/d-orsogna-streaky-bacon
810791,Woolworths Slow Cooked Pork Shoulder With Bbq Sauce 560g,$15.00,$26.79 / 1KG,/shop/productdetails/810791/woolworths-slow-cooked-pork-shoulder-with-bbq-sauce
235782,Primo Short Cut Bacon 750g,$11.00,$14.67 / 1KG,/shop/productdetails/235782/primo-short-cut-bacon
133861,Macro Organic Grass Fed Beef Sausages 450g,$10.00,$22.22 / 1KG,/shop/productdetails/133861/macro-organic-grass-fed-beef-sausages
46479,Woolworths Fresh Skin Off Barramundi Fillets Per Kg,$30.00,$30.00 / 1KG,/shop/productdetails/46479/woolworths-fresh-skin-off-barramundi-fillets
162401,Woolworths Bbq Beef Kebabs Mild 450g,$8.50,$18.89 / 1KG,/shop/productdetails/162401/woolworths-bbq-beef-kebabs-mild-style
251348,Woolworths Lamb Strips Souvlaki Style 300g,$9.00,$30.00 / 1KG,/shop/productdetails/251348/woolworths-lamb-strips-souvlaki-style
245552,Ocean King Smoked Ocean Trout 100g,$5.40,$54.00 / 1KG,/shop/productdetails/245552/ocean-king-smoked-ocean-trout
212745,Woolworths Bbq Pork Ribs With Kansas Style Bbq Sauce 700g,$12.50,$17.86 / 1KG,/shop/productdetails/212745/woolworths-bbq-pork-ribs-with-kansas-style-bbq-sauce
764967,Woolworths Lamb Midloins 3 - 6 Pieces 450g - 800g,$16.00,$20.00 / 1KG,/shop/productdetails/764967/woolworths-lamb-midloins-3-6-pieces-6-8-pieces
321141,Woolworths Cook Butterflied Lamb Leg With Garlic & Herbs 750g - 1.4kg,N/A,N/A,/shop/productdetails/321141/woolworths-cook-butterflied-lamb-leg-with-garlic-herbs
72363,Diced Lamb 450g,$13.00,$28.89 / 1KG,/shop/productdetails/72363/woolworths-diced-lamb
683227,Woolworths Rspca Approved Diced Chicken Leg Fillet 500g,$9.50,$19.00 / 1KG,/shop/productdetails/683227/woolworths-rspca-approved-diced-chicken-leg-fillet
666557,Woolworths Heart Smart Extra Lean Pork Mince 500g,$7.00,$14.00 / 1KG,/shop/productdetails/666557/woolworths-heart-smart-extra-lean-pork-mince
148292,K-roo Kangaroo Mince 1kg,N/A,N/A,/shop/productdetails/148292/k-roo-kangaroo-mince
790208,Peppercorn Butch Beef Jumbo Burger Garlic Pepper 600g,N/A,N/A,/shop/productdetails/790208/peppercorn-butch-beef-jumbo-burger-garlic-pepper
95257,Fresh Rainbow Trout Skin On Per Kg,N/A,N/A,/shop/productdetails/95257/fresh-rainbow-trout-skin-on
140481,Woolworths Chicken Drumsticks Bulk 1.1kg - 1.7kg,$6.80,$4.00 / 1KG,/shop/productdetails/140481/woolworths-chicken-drumsticks-bulk
935707,Woolworths Cook Boneless Butterflied Chicken Greek Style 950g - 1.25kg,$13.75,$11.00 / 1KG,/shop/productdetails/935707/woolworths-cook-boneless-butterflied-chicken-greek-style
705461,Macro Chicken Mince Free Range 500g,$10.50,$21.00 / 1KG,/shop/productdetails/705461/macro-chicken-mince-free-range
175569,Macro Grass Fed Australian Stir-fry Beef 500g,$13.00,$26.00 / 1KG,/shop/productdetails/175569/macro-grass-fed-australian-stir-fry-beef
723025,Woolworths Rspca Approved Chicken Mignon Each,$3.80,$3.80 / 1EA,/shop/productdetails/723025/woolworths-rspca-approved-chicken-mignon
487891,Steggles Whole Chicken 1.7kg - 2.4kg,$13.20,$5.50 / 1KG,/shop/productdetails/487891/steggles-whole-chicken
507910,Essentials Cooking Bacon 1kg,$9.50,$9.50 / 1KG,/shop/productdetails/507910/essentials-cooking-bacon
445351,Woolworths Crumbed Prawn Cutlets 500g,$9.00,$18.00 / 1KG,/shop/productdetails/445351/woolworths-crumbed-prawn-cutlets
792933,Macro Free Range Chicken V Wings 700g - 950g,$9.98,$10.50 / 1KG,/shop/productdetails/792933/macro-free-range-chicken-v-wings
176564,D'orsogna Shortcut Bacon 1kg,$13.00,$13.00 / 1KG,/shop/productdetails/176564/d-orsogna-shortcut-bacon
254626,Macro Grass Fed Beef Sizzle Steaks 275g,$10.00,$36.36 / 1KG,/shop/productdetails/254626/macro-grass-fed-beef-sizzle-steaks
407559,Woolworths Smoked Beef Pastrami Freshly Sliced From The Deli Per Kg,$31.00,$31.00 / 1KG,/shop/productdetails/407559/woolworths-smoked-beef-pastrami-freshly-sliced-from-the-deli
176001,Moira Mac's Classic Roasted Chicken Breast 350g,$7.95,$22.71 / 1KG,/shop/productdetails/176001/moira-mac-s-classic-roasted-chicken-breast
93465,Just Caught Cooked Prawns Tail On 300g,$10.00,$33.33 / 1KG,/shop/productdetails/93465/just-caught-cooked-prawns-tail-on
380578,Primo Rindless Middle Bacon 250g,$6.20,$24.80 / 1KG,/shop/productdetails/380578/primo-rindless-middle-bacon
119370,Woolworths Chicken Thigh Skinless Cutlets Bone-in 500g - 650g,$6.18,$9.50 / 1KG,/shop/productdetails/119370/woolworths-chicken-thigh-skinless-cutlets-bone-in
783727,Three Aussie Farmers Slow Cooked Pulled Bbq Pork 250g,$10.50,$42.00 / 1KG,/shop/productdetails/783727/three-aussie-farmers-slow-cooked-pulled-bbq-pork
563937,Macro Free Range Chicken Stir Fry 500g,$12.00,$24.00 / 1KG,/shop/productdetails/563937/macro-free-range-chicken-stir-fry
608981,Cleaver's Organic Beef Hot Dogs 275g,$10.50,$38.18 / 1KG,/shop/productdetails/608981/cleaver-s-organic-beef-hot-dogs
811608,De Costi Raw Prawn Meat 260g,$12.50,$48.08 / 1KG,/shop/productdetails/811608/de-costi-raw-prawn-meat
337138,Woolworths Cook Butterflied Lamb Shoulder With Rosemary & Mint 850g - 1.65kg,N/A,N/A,/shop/productdetails/337138/woolworths-cook-butterflied-lamb-shoulder-with-rosemary-mint
83172,Woolworths Cook Chicken Roasting Portions Italian Style 1.5kg - 2kg,$12.00,$6.00 / 1KG,/shop/productdetails/83172/woolworths-cook-chicken-roasting-portions-italian-style
185960,Woolworths Moisture Infused Pork Chops 400g,$8.00,$20.00 / 1KG,/shop/productdetails/185960/woolworths-moisture-infused-pork-chops
7777,Portion Ling Skinned & Boned Thawed Per Kg,$21.00,$21.00 / 1KG,/shop/productdetails/7777/ling-fillets-portion-ling-skinned-boned-thawed
134037,Woolworths Southern Style Chicken Portions 900g - 1.3kg,$15.60,$12.00 / 1KG,/shop/productdetails/134037/woolworths-southern-style-chicken-portions
659932,Woolworths Chinese Bbq Pork From The Deli Per Kg,$31.00,$31.00 / 1KG,/shop/productdetails/659932/woolworths-chinese-bbq-pork-from-the-deli
821038,Woolworths Cook Slow Cooked Beef Brisket 700g,$14.50,$20.71 / 1KG,/shop/productdetails/821038/woolworths-cook-slow-cooked-beef-brisket
175691,Moira Mac's Portuguese Roasted Chicken Breast 350g,$7.95,$22.71 / 1KG,/shop/productdetails/175691/moira-mac-s-portuguese-roasted-chicken-breast
178241,Don Bacon Pan Size Rindless 200g,$5.80,$29.00 / 1KG,/shop/productdetails/178241/don-bacon-pan-size-rindless
250846,Woolworths Classic Beef Sausage Roll 460g,$8.00,$17.39 / 1KG,/shop/productdetails/250846/woolworths-classic-beef-sausage-roll
139086,Woolworths Beef Short Ribs 800g - 1.1kg,N/A,N/A,/shop/productdetails/139086/woolworths-beef-short-ribs
620498,Pastoral Oven Roasted Pork Herb Crusted Sliced From The Deli Per Kg,$27.00,$27.00 / 1KG,/shop/productdetails/620498/pastoral-oven-roasted-pork-herb-crusted-sliced-from-the-deli
83111,Woolworths Cook Lamb Shanks With Red Wine & Rosemary 850g - 1.25kg,N/A,N/A,/shop/productdetails/83111/woolworths-cook-lamb-shanks-with-red-wine-rosemary
407058,De Costi Cooked Prawns Peeled With Cocktail Sauce 260g,$12.50,$48.08 / 1KG,/shop/productdetails/407058/de-costi-cooked-prawns-peeled-with-cocktail-sauce
186658,"Birds Eye Ocean Selections Raw Prawns Frozen, Peeled & Tail Off 500g",$24.00,$48.00 / 1KG,/shop/productdetails/186658/birds-eye-ocean-selections-raw-prawns-frozen-peeled-tail-off
210535,Woolworths Cook Chicken Roasting Portions With Mild Smoked Paprika 600g - 1.2kg,$9.60,$8.00 / 1KG,/shop/productdetails/210535/woolworths-cook-chicken-roasting-portions-with-mild-smoked-paprika
629442,Woolworths Cook Chicken Kebab Sweet Smokey Bbq 375g,$8.00,$21.33 / 1KG,/shop/productdetails/629442/woolworths-cook-chicken-kebab-sweet-smokey-bbq
265186,Just Caught Peeled & Deveined Cooked Prawns 500g,$20.00,$40.00 / 1KG,/shop/productdetails/265186/just-caught-peeled-deveined-cooked-prawns
123150,Fresh Otto Wurth Frank German Style Per Kg,$17.90,$17.90 / 1KG,/shop/productdetails/123150/otto-wurth-fresh-otto-wurth-frank-german-style
345277,Game Farm Spatchcock Whole 350g - 690g,$12.77,$18.50 / 1KG,/shop/productdetails/345277/game-farm-spatchcock-whole
765046,Woolworths Lamb Cutlets 6 - 10 Pieces 500g - 900g,$35.10,$39.00 / 1KG,/shop/productdetails/765046/woolworths-lamb-cutlets-6-10-pieces
114363,Pork Stir Fry 400g,$8.00,$20.00 / 1KG,/shop/productdetails/114363/pork-stir-fry
46276,Woolworths Fresh Whole Rainbow Trout Per Kg,N/A,N/A,/shop/productdetails/46276/woolworths-fresh-whole-rainbow-trout
178505,Macro Free Range Chicken Breast Tenders 400g,N/A,N/A,/shop/productdetails/178505/macro-free-range-chicken-breast-tenders
710886,Woolworths Moisture Infused Pork Chops 1.2kg,$21.00,$17.50 / 1KG,/shop/productdetails/710886/woolworths-moisture-infused-pork-chops
91886,Woolworths Nile Perch Thawed Fillets Per Kg,$13.00,$13.00 / 1KG,/shop/productdetails/91886/woolworths-nile-perch-thawed-fillets
315147,Woolworths Rspca Approved Chicken Kebab Satay Each,$1.30,$1.30 / 1EA,/shop/productdetails/315147/woolworths-rspca-approved-chicken-kebab-satay
243963,Woolworths Thawed Cooked Prawn Ring 200g,$9.00,$45.00 / 1KG,/shop/productdetails/243963/woolworths-thawed-cooked-prawn-ring
134035,Woolworths Boneless Chicken Kyiv With Creamy Cheese & Ham Filling 700g,$9.00,$12.86 / 1KG,/shop/productdetails/134035/woolworths-boneless-chicken-kyiv-with-creamy-cheese-ham-filling
158687,Chicken Kebab Smokey Bbq Each,$1.30,$1.30 / 1EA,/shop/productdetails/158687/woolworths-chicken-kebab-smokey-bbq
178202,Don Bacon Pansize Double Smoked 200g,$5.80,$29.00 / 1KG,/shop/productdetails/178202/don-bacon-pansize-double-smoked
20923,Safcol Tapas Chilean Mussels In Spanish Escabeche Style Sauce 105g,$2.50,$23.81 / 1KG,/shop/productdetails/20923/safcol-tapas-chilean-mussels-in-spanish-escabeche-style-sauce
799575,K-roo Kangaroo Diced 500g,N/A,N/A,/shop/productdetails/799575/k-roo-kangaroo-diced
533193,D'orsogna Maple Glazed Streaky Bacon 200g,$7.00,$35.00 / 1KG,/shop/productdetails/533193/d-orsogna-maple-glazed-streaky-bacon
98431,Ingham's Chicken Breast Supreme Shaved From The Deli Per Kg,N/A,N/A,/shop/productdetails/98431/ingham-s-chicken-breast-supreme-shaved-from-the-deli
134760,Woolworths Chicken Bulk Burgers 1.5kg,$16.00,$10.67 / 1KG,/shop/productdetails/134760/woolworths-chicken-bulk-burgers
134038,Woolworths Crumbed Chicken Burgers 440g,$8.00,$18.18 / 1KG,/shop/productdetails/134038/woolworths-crumbed-chicken-burgers
114242,Woolworths Rspca Approved Chicken Maryland Supreme 680g - 900g,N/A,N/A,/shop/productdetails/114242/woolworths-rspca-approved-chicken-maryland-supreme
20933,Safcol Tapas Chilean Mussels In Spanish Galician Style Sauce 105g,$2.50,$23.81 / 1KG,/shop/productdetails/20933/safcol-tapas-chilean-mussels-in-spanish-galician-style-sauce
476948,Bertocchi Gold Short Rindless Bacon 400g,$10.00,$25.00 / 1KG,/shop/productdetails/476948/bertocchi-gold-short-rindless-bacon
175568,Macro Grass Fed Australian Diced Beef 500g,$13.00,$26.00 / 1KG,/shop/productdetails/175568/macro-grass-fed-australian-diced-beef
728380,Woolworths Cook Chicken Kebab Satay 375g,$8.00,$21.33 / 1KG,/shop/productdetails/728380/woolworths-cook-chicken-kebab-satay
134090,Woolworths Chicken Kyiv Bites With Creamy Garlic Filling 400g,$8.50,$21.25 / 1KG,/shop/productdetails/134090/woolworths-chicken-kyiv-bites-with-creamy-garlic-filling
227743,Bertocchi Mortadella Plain Shaved From The Deli Per Kg,$14.00,$14.00 / 1KG,/shop/productdetails/227743/bertocchi-mortadella-plain-shaved-from-the-deli
354108,Woolworths Wings Chicken Boomerang 1.1kg - 1.7kg,$14.45,$8.50 / 1KG,/shop/productdetails/354108/woolworths-wings-chicken-boomerang
140658,Primo Middle Bacon 750g,$11.00,$14.67 / 1KG,/shop/productdetails/140658/primo-middle-bacon
726028,Bertocchi Pancetta Mild Sliced From The Deli Per Kg,$36.00,$36.00 / 1KG,/shop/productdetails/726028/bertocchi-pancetta-mild-sliced-from-the-deli
354116,Chicken Maryland Supreme Min. 250g,$8.00,$8.00 / 1KG,/shop/productdetails/354116/chicken-maryland-supreme
218146,Woolworths Cooked & Peeled Cocktail Prawns Tail On Per Kg,N/A,N/A,/shop/productdetails/218146/woolworths-cooked-peeled-cocktail-prawns-tail-on
764868,Woolworths Lamb Midloins 6 - 9 Pieces 650g - 1.1kg,$22.00,$20.00 / 1KG,/shop/productdetails/764868/woolworths-lamb-midloins-6-9-pieces-9-12-pieces
55373,Woolworths Shortcut Australian Bacon 200g,$5.50,$27.50 / 1KG,/shop/productdetails/55373/woolworths-shortcut-australian-bacon
34321,Woolworths Cooked Thawed Small Rock Lobster Each,$27.00,$27.00 / 1EA,/shop/productdetails/34321/woolworths-cooked-thawed-small-rock-lobster
186654,Birds Eye Ocean Selections Barramundi Fish Fillet With Herb Salsa 2 Pack,N/A,N/A,/shop/productdetails/186654/birds-eye-ocean-selections-barramundi-fish-fillet-with-herb-salsa
83198,Woolworths Rspca Approved Chicken Hearts 500g,$3.75,$7.50 / 1KG,/shop/productdetails/83198/woolworths-rspca-approved-chicken-hearts
672975,Macro Organic Lean Beef Mince 500g,$13.75,$27.50 / 1KG,/shop/productdetails/672975/macro-organic-lean-beef-mince
362469,Woolworths Cook Chicken Kebabs Hoisin 375g,$8.00,$21.33 / 1KG,/shop/productdetails/362469/woolworths-cook-chicken-kebabs-hoisin
135629,Woolworths Cook Chinese Bbq Style Pork With Char Siu Sauce 560g,$12.00,$21.43 / 1KG,/shop/productdetails/135629/woolworths-cook-chinese-bbq-style-pork-with-char-siu-sauce
77504,Primo Sausages Polish Sliced Per Kg,$17.50,$17.50 / 1KG,/shop/productdetails/77504/primo-sausages-polish-sliced
204617,Bertocchi Mortadella Green Olives Sliced From The Deli Per Kg,$14.00,$14.00 / 1KG,/shop/productdetails/204617/bertocchi-mortadella-green-olives-sliced-from-the-deli
254623,Macro Grass Fed Beef Chuck Steak 380g - 800g,$19.20,$24.00 / 1KG,/shop/productdetails/254623/macro-grass-fed-beef-chuck-steak
132996,K-roo Kangaroo Steak 500g - 600g,N/A,N/A,/shop/productdetails/132996/k-roo-kangaroo-steak
859282,Thawed Marinara Mix Bag And Bake Teriyaki Ginger Per Kg,$14.00,$14.00 / 1KG,/shop/productdetails/859282/thawed-marinara-mix-bag-and-bake-teriyaki-ginger
67677,Woolworths Cook Boneless Butterflied Spiced Mango Glaze Chicken 850g - 1.25kg,$13.75,$11.00 / 1KG,/shop/productdetails/67677/woolworths-cook-boneless-butterflied-spiced-mango-glaze-chicken
88773,The Free Ranger Free Range Chicken Thigh Fillets 450g - 550g,$10.73,$19.50 / 1KG,/shop/productdetails/88773/the-free-ranger-free-range-chicken-thigh-fillets
441084,Woolworths Thawed Lobster Tails Each,$12.00,$12.00 / 1EA,/shop/productdetails/441084/woolworths-thawed-lobster-tails
666554,Macro Free Range Lean Pork Mince 500g,$8.00,$16.00 / 1KG,/shop/productdetails/666554/macro-free-range-lean-pork-mince
97469,Woolworths Bbq Beef Chuck Burgers With Garlic & Cracked Pepper 500g,$10.00,$20.00 / 1KG,/shop/productdetails/97469/woolworths-bbq-beef-chuck-burgers-with-garlic-cracked-pepper
186759,Clearly Premium Oven Smoked Salmon Lemon & Pepper 300g,$19.00,$63.33 / 1KG,/shop/productdetails/186759/clearly-premium-oven-smoked-salmon-lemon-pepper
589727,De Costi Prawns Lemon & Garlic Butter 280g,$12.50,$44.64 / 1KG,/shop/productdetails/589727/de-costi-prawns-lemon-garlic-butter
354374,Bertocchi Authentic Leg Ham Triple Smoked 500g - 950g,$21.38,$22.50 / 1KG,/shop/productdetails/354374/bertocchi-authentic-leg-ham-triple-smoked
160640,Woolworths Free From Gluten Chicken Schnitzels 600g,N/A,N/A,/shop/productdetails/160640/woolworths-free-from-gluten-chicken-schnitzels
250897,Woolworths Pork & Fennel Sausage Roll 460g,N/A,N/A,/shop/productdetails/250897/woolworths-pork-fennel-sausage-roll
14812,Bertocchi Mortadella Plain Sliced From The Deli Per Kg,$14.00,$14.00 / 1KG,/shop/productdetails/14812/bertocchi-mortadella-plain-sliced-from-the-deli
160852,Woolworths Buttermilk Tennessee Style Chicken Wing Nibbles 600g,$8.50,$14.17 / 1KG,/shop/productdetails/160852/woolworths-buttermilk-tennessee-style-chicken-wing-nibbles
713466,K-roo Kangaroo Burger 440g,$7.00,$15.91 / 1KG,/shop/productdetails/713466/k-roo-kangaroo-burger
134088,Woolworths Southern Style Chicken Pops 400g,$8.00,$20.00 / 1KG,/shop/productdetails/134088/woolworths-southern-style-chicken-pops
77500,Primo Berliner Sliced Per Kg,$20.50,$20.50 / 1KG,/shop/productdetails/77500/primo-berliner-sliced
713467,K-roo Kangaroo Sausages Kanga Bangas Bush Tomato 500g,$7.00,$14.00 / 1KG,/shop/productdetails/713467/k-roo-kangaroo-sausages-kanga-bangas-bush-tomato
220824,Don Short Cut Rindless Bacon 200g,$5.80,$29.00 / 1KG,/shop/productdetails/220824/don-short-cut-rindless-bacon
212003,Ingham's Free Range Sous Vide Chicken Breast Lightly Seasoned 200g,$8.00,$40.00 / 1KG,/shop/productdetails/212003/ingham-s-free-range-sous-vide-chicken-breast-lightly-seasoned
728385,Woolworths Cook Chicken Kebab Honey Soy 375g,$8.00,$21.33 / 1KG,/shop/productdetails/728385/woolworths-cook-chicken-kebab-honey-soy
859281,Thawed Freshwater Basa Fillets Bag And Bake Teriyaki Ginger Per Kg,$11.00,$11.00 / 1KG,/shop/productdetails/859281/thawed-freshwater-basa-fillets-bag-and-bake-teriyaki-ginger
682525,Salamanca Seafood Company Basa Skin Off Fillet Value Pack 400g,$9.00,$22.50 / 1KG,/shop/productdetails/682525/salamanca-seafood-company-basa-skin-off-fillet-value-pack
321551,Macro Organic Beef Mince Heart Smart 500g,$15.00,$30.00 / 1KG,/shop/productdetails/321551/macro-organic-beef-mince-heart-smart
289769,Talley's Chilled Mussels Marinated Plain 375g,$8.00,$21.33 / 1KG,/shop/productdetails/289769/talley-s-chilled-mussels-marinated-plain
187322,Birds Eye Ocean Selections Barramundi Moroccan Frozen Fish Fillets 4 Pack,N/A,N/A,/shop/productdetails/187322/birds-eye-ocean-selections-barramundi-moroccan-frozen-fish-fillets
664737,Woolworths Frozen Barramundi 1kg,$21.00,$21.00 / 1KG,/shop/productdetails/664737/woolworths-frozen-barramundi
278370,British English Breakfast Chipolatas 500g,$7.50,$15.00 / 1KG,/shop/productdetails/278370/british-english-breakfast-chipolatas
83194,Woolworths Rspca Approved Chicken Livers 500g,$3.75,$7.50 / 1KG,/shop/productdetails/83194/woolworths-rspca-approved-chicken-livers
721694,Woolworths Simply Roast Honey Soy Chicken Wing Nibbles 1kg,$8.00,$8.00 / 1KG,/shop/productdetails/721694/woolworths-simply-roast-honey-soy-chicken-wing-nibbles
656743,Woolworths Jumbo Cooked Prawn 500g,$22.00,$44.00 / 1KG,/shop/productdetails/656743/woolworths-jumbo-cooked-prawn
700257,Macro Chicken Lovely Legs Free Range 550g - 650g,$6.18,$9.50 / 1KG,/shop/productdetails/700257/macro-chicken-lovely-legs-free-range
175086,Woolworths Chicken Whole Marinated & Seasoned 1.7kg - 2.2kg,$14.30,$6.50 / 1KG,/shop/productdetails/175086/woolworths-chicken-whole-marinated-seasoned
96057,Woolworths Fresh Pacific Oysters 1 Dozen,$21.00,$1.75 / 1EA,/shop/productdetails/96057/woolworths-fresh-pacific-oysters
83537,Woolworths Cook Pork Medallions Garlic & Herb Stuffing 300g,$9.00,$30.00 / 1KG,/shop/productdetails/83537/woolworths-cook-pork-medallions-garlic-herb-stuffing
162444,Woolworths Chicken Tenderloins In Lemon & Garlic Marinade 500g,$9.50,$19.00 / 1KG,/shop/productdetails/162444/woolworths-chicken-tenderloins-in-lemon-garlic-marinade
880239,Humpty Doo Barramundi Skin On 260g,$11.00,$42.31 / 1KG,/shop/productdetails/880239/humpty-doo-barramundi-skin-on
212748,Woolworths Bbq Hickory Smokey Infused Beef Burgers 450g,$9.00,$20.00 / 1KG,/shop/productdetails/212748/woolworths-bbq-hickory-smokey-infused-beef-burgers
266682,Woolworths Beef Fillet Roast 150g - 550g,N/A,N/A,/shop/productdetails/266682/woolworths-beef-fillet-roast
83209,Woolworths Rspca Approved Chicken Necks 1kg,$6.50,$6.50 / 1KG,/shop/productdetails/83209/woolworths-rspca-approved-chicken-necks
189416,Woolworths Cook Italian Style Beef & Pork Tomato Ragu 700g,$15.00,$21.43 / 1KG,/shop/productdetails/189416/woolworths-cook-italian-style-beef-pork-tomato-ragu
162269,Woolworths Butter Chicken Style Kebabs Kebabs 10 Pack,$11.50,,/shop/productdetails/162269/woolworths-butter-chicken-style-kebabs-kebabs
162282,Woolworths Bbq Cajun Chicken Burgers 450g,$8.50,$18.89 / 1KG,/shop/productdetails/162282/woolworths-bbq-cajun-chicken-burgers
408416,Woolworths Smoked Beef Pastrami Freshly Shaved From The Deli Per Kg,$31.00,$31.00 / 1KG,/shop/productdetails/408416/woolworths-smoked-beef-pastrami-freshly-shaved-from-the-deli
662996,Woolworths Premium Roast Beef 97% Fat Free Shaved From The Deli Per Kg,N/A,N/A,/shop/productdetails/662996/woolworths-premium-roast-beef-97-fat-free-shaved-from-the-deli
182718,United Fish Co. Whole Shell Greenshell Mussels Frozen 1kg,$6.50,$6.50 / 1KG,/shop/productdetails/182718/united-fish-co-whole-shell-greenshell-mussels-frozen
26147,Steggles Chicken Mixed Pieces 2kg,$9.00,$4.50 / 1KG,/shop/productdetails/26147/steggles-chicken-mixed-pieces
213859,Woolworths Bbq Boneless Thigh Fillets With Japanese Style Marinade 500g,$9.00,$18.00 / 1KG,/shop/productdetails/213859/woolworths-bbq-boneless-thigh-fillets-with-japanese-style-marinade
859130,Fresh Saddletail Snapper Bag And Bake Teriyaki Ginger Per Kg,N/A,N/A,/shop/productdetails/859130/fresh-saddletail-snapper-bag-and-bake-teriyaki-ginger
24563,Woolworths Cook Chicken Drumsticks Sweet & Smokey Bbq Glaze 1.4kg,$8.00,$5.71 / 1KG,/shop/productdetails/24563/woolworths-cook-chicken-drumsticks-sweet-smokey-bbq-glaze
117132,K-roo Kangaroo Steak Marinated 500g - 600g,N/A,N/A,/shop/productdetails/117132/k-roo-kangaroo-steak-marinated
95181,Woolworths Fresh Whole Australian Barramundi Per Kg,N/A,N/A,/shop/productdetails/95181/woolworths-fresh-whole-australian-barramundi
83170,Woolworths Rspca Approved Chicken Giblets 500g,$3.75,$7.50 / 1KG,/shop/productdetails/83170/woolworths-rspca-approved-chicken-giblets
214457,Tropic Co Australian Raw Tiger Prawns Frozen 1kg,$26.50,$26.50 / 1KG,/shop/productdetails/214457/tropic-co-australian-raw-tiger-prawns-frozen
229327,Macro Organic Chicken Thigh Fillet 275g - 600g,N/A,N/A,/shop/productdetails/229327/macro-organic-chicken-thigh-fillet
188692,Crystal Bay Frozen Australian Tiger Prawns 550g,$18.00,$32.73 / 1KG,/shop/productdetails/188692/crystal-bay-frozen-australian-tiger-prawns
210498,D'orsogna Natural Shortcut Bacon Gluten Free Wood Smoked 200g,$7.00,$35.00 / 1KG,/shop/productdetails/210498/d-orsogna-natural-shortcut-bacon-gluten-free-wood-smoked
148908,Sealord New Zealand Dory Natural Fillets 500g,$16.00,$32.00 / 1KG,/shop/productdetails/148908/sealord-new-zealand-dory-natural-fillets
256351,Woolworths Beef Strips Teriyaki Style 300g,$9.00,$30.00 / 1KG,/shop/productdetails/256351/woolworths-beef-strips-teriyaki-style
668510,Woolworths Cook Butterflied Chicken Sweet Garlic & Herb Marinade 900g - 1.25kg,N/A,N/A,/shop/productdetails/668510/woolworths-cook-butterflied-chicken-sweet-garlic-herb-marinade
215868,Steggles Butter Chicken Flavour Boneless Family Roast Chicken 900g - 1.5kg,$19.50,$13.00 / 1KG,/shop/productdetails/215868/steggles-butter-chicken-flavour-boneless-family-roast-chicken
695638,Macro Free Range Pork Medallion 250g,$8.00,$32.00 / 1KG,/shop/productdetails/695638/macro-free-range-pork-medallion
803034,Just Caught Raw Prawn Cutlets 850g,$32.00,$37.65 / 1KG,/shop/productdetails/803034/just-caught-raw-prawn-cutlets
251628,Woolworths Slow Cooked Chicken Breast In Creamy Mushroom Sauce 700g,$15.00,$21.43 / 1KG,/shop/productdetails/251628/woolworths-slow-cooked-chicken-breast-in-creamy-mushroom-sauce
216733,Don Short Cut Rindless Bacon Twin Pack 500g,$12.00,$24.00 / 1KG,/shop/productdetails/216733/don-short-cut-rindless-bacon-twin-pack
692999,Woolworths Pork Loin Cutlets Medium 400g - 700g,$14.70,$21.00 / 1KG,/shop/productdetails/692999/woolworths-pork-loin-cutlets-medium
532958,D'orsogna Natural Leg Ham Portion 700g,$14.00,$20.00 / 1KG,/shop/productdetails/532958/d-orsogna-natural-leg-ham-portion
703319,Ocean Blue Crab Meat 140g,$12.00,$85.71 / 1KG,/shop/productdetails/703319/ocean-blue-crab-meat
764944,Lamb Extra Trim Cutlets 8-9 Pieces 250g - 600g,$30.00,$50.00 / 1KG,/shop/productdetails/764944/lamb-extra-trim-cutlets-8-9-pieces
802908,Gourmet Chef Marinara Sauce 450g,$5.20,$11.56 / 1KG,/shop/productdetails/802908/gourmet-chef-marinara-sauce
164178,Holland House Caviar Black 50g,$6.00,$120.00 / 1KG,/shop/productdetails/164178/holland-house-caviar-black
251644,Woolworths Cook  Slow Cooked Shanghai Style Pork Belly 600g,$16.00,$26.67 / 1KG,/shop/productdetails/251644/woolworths-cook-slow-cooked-shanghai-style-pork-belly
805730,Luv-a-duck Fresh Duck Breast Fillets 380g,$14.50,$38.16 / 1KG,/shop/productdetails/805730/luv-a-duck-fresh-duck-breast-fillets
821037,Woolworths Cook Slow Cooked Butterflied Beef 700g,$17.00,$24.29 / 1KG,/shop/productdetails/821037/woolworths-cook-slow-cooked-butterflied-beef
160853,Woolworths Hot & Spicy Chicken Wing Nibbles 600g,$8.50,$14.17 / 1KG,/shop/productdetails/160853/woolworths-hot-spicy-chicken-wing-nibbles
40555,Primo Pepperoni Sausage Per Kg,$29.35,$29.35 / 1KG,/shop/productdetails/40555/primo-pepperoni-sausage
229324,Macro Organic Chicken Breast Fillet 350g - 600g,$18.90,$31.50 / 1KG,/shop/productdetails/229324/macro-organic-chicken-breast-fillet
78575,Woolworths Cook Pork Knuckle 650g - 1kg,$13.00,$13.00 / 1KG,/shop/productdetails/78575/woolworths-cook-pork-knuckle
251349,Woolworths Beef Strips Bulgolgi Style 300g,N/A,N/A,/shop/productdetails/251349/woolworths-beef-strips-bulgolgi-style
59253,Woolworths Cook Porchetta Roast With Garlic & Herb Seasoning 1.2kg - 1.7kg,$28.90,$17.00 / 1KG,/shop/productdetails/59253/woolworths-cook-porchetta-roast-with-garlic-herb-seasoning
289775,Talley's Chilled Mussels Marinated Garlic 375g,$8.00,$21.33 / 1KG,/shop/productdetails/289775/talley-s-chilled-mussels-marinated-garlic
262374,Bertocchi Pork Bones Smoked 500g,$6.50,$13.00 / 1KG,/shop/productdetails/262374/bertocchi-pork-bones-smoked
238739,Steggles Margherita Pizza Flavour Family Roast Split Chicken Per Kg,$10.00,$10.00 / 1KG,/shop/productdetails/238739/steggles-margherita-pizza-flavour-family-roast-split-chicken
699933,Woolworths Cook Butterflied Lamb Leg With Honey & Rosemary 400g - 700g,$15.75,$22.50 / 1KG,/shop/productdetails/699933/woolworths-cook-butterflied-lamb-leg-with-honey-rosemary
682485,Ocean Chef South American Flathead Fillets 1kg,$21.00,$21.00 / 1KG,/shop/productdetails/682485/ocean-chef-south-american-flathead-fillets
580986,Boneless Lamb Shoulder Rolled 1kg - 1.5kg,N/A,N/A,/shop/productdetails/580986/lamb-boneless-lamb-shoulder-rolled
802255,Boston Bay Mussels Cooked 500g,N/A,N/A,/shop/productdetails/802255/boston-bay-mussels-cooked
186758,Birds Eye Ocean Selections Fish Fillets Moroccan Skinless Frozen 4 Pack,$7.00,$14.00 / 1KG,/shop/productdetails/186758/birds-eye-ocean-selections-fish-fillets-moroccan-skinless-frozen
764994,Woolworths Lamb Cutlets 4 - 7 Pieces 250g - 600g,$23.40,$39.00 / 1KG,/shop/productdetails/764994/woolworths-lamb-cutlets-4-7-pieces
19341,Just Caught Crumbed Pollock Fillets 1kg,$9.00,$9.00 / 1KG,/shop/productdetails/19341/just-caught-crumbed-pollock-fillets
189407,Woolworths Cook Mild Mexican Pork Shoulder 800g,$14.00,$17.50 / 1KG,/shop/productdetails/189407/woolworths-cook-mild-mexican-pork-shoulder
102083,Crystal Bay Australian Tiger Prawns 1kg,$30.00,$30.00 / 1KG,/shop/productdetails/102083/crystal-bay-australian-tiger-prawns
218133,Woolworths Hickory Half Leg Ham 600g - 1.05kg,$23.10,$22.00 / 1KG,/shop/productdetails/218133/woolworths-hickory-half-leg-ham
680499,Woolworths The Cooks Cuts Beef Cheek 300g - 750g,N/A,N/A,/shop/productdetails/680499/woolworths-the-cooks-cuts-beef-cheek
765012,Woolworths Lamb Offcut 4-6 Pieces 650g - 1.2kg,$10.80,$9.00 / 1KG,/shop/productdetails/765012/woolworths-lamb-offcut-4-6-pieces
236847,Beef Rib Eye Bone In 230g - 500g,$19.50,$39.00 / 1KG,/shop/productdetails/236847/beef-rib-eye-bone-in
757171,Fresh Tasmanian Atlantic Salmon Side Skin On Per Kg,N/A,N/A,/shop/productdetails/757171/fresh-tasmanian-atlantic-salmon-side-skin-on
321135,Woolworths Lamb Leg Butterflied 800g - 1.2kg,$24.00,$20.00 / 1KG,/shop/productdetails/321135/woolworths-lamb-leg-butterflied
18576,Chicken Lovely Legs Per Kg,$9.00,$9.00 / 1KG,/shop/productdetails/18576/chicken-lovely-legs
147841,Woolworths Cook Lamb Shoulder With Garlic & Rosemary 700g,$18.00,$25.71 / 1KG,/shop/productdetails/147841/woolworths-cook-lamb-shoulder-with-garlic-rosemary
626487,Bertocchi Gold Thin & Crispy Middle Bacon 400g,$10.00,$25.00 / 1KG,/shop/productdetails/626487/bertocchi-gold-thin-crispy-middle-bacon
187138,Birds Eye Ocean Selections Teriyaki Frozen Fish Fillets 4 Pack,$7.00,$14.00 / 1KG,/shop/productdetails/187138/birds-eye-ocean-selections-teriyaki-frozen-fish-fillets
251350,Woolworths Lamb Strips Mongolian Style 300g,$9.00,$30.00 / 1KG,/shop/productdetails/251350/woolworths-lamb-strips-mongolian-style
88493,The Free Ranger Free Range Chicken Breast Fillets 500g - 650g,$12.68,$19.50 / 1KG,/shop/productdetails/88493/the-free-ranger-free-range-chicken-breast-fillets
294972,Tibaldi Ham Off The Bone 500g,$16.00,$32.00 / 1KG,/shop/productdetails/294972/tibaldi-ham-off-the-bone
202497,Primo Bacon Lean Shortcut 350g,$8.75,$25.00 / 1KG,/shop/productdetails/202497/primo-bacon-lean-shortcut
880215,Humpty Doo Barramundi Skin Off 260g,$12.00,$46.15 / 1KG,/shop/productdetails/880215/humpty-doo-barramundi-skin-off
162271,Woolworths Cook Chicken Kebabs Teriyaki With White Sesame Topping 10 Pack,$14.50,$18.13 / 1KG,/shop/productdetails/162271/woolworths-cook-chicken-kebabs-teriyaki-with-white-sesame-topping
642961,Woolworths Cook Slow Cooked Beef Ribs In Sweet 'n' Smokey Bbq Sauce 800g - 1.3kg,N/A,N/A,/shop/productdetails/642961/woolworths-cook-slow-cooked-beef-ribs-in-sweet-n-smokey-bbq-sauce
235583,Macro Free Range Chicken Breast Shawarma Style Strips 500g,$12.00,$24.00 / 1KG,/shop/productdetails/235583/macro-free-range-chicken-breast-shawarma-style-strips
66287,Gourmet Chef Thai Green Curry Sauce 450g,$5.20,$11.56 / 1KG,/shop/productdetails/66287/gourmet-chef-thai-green-curry-sauce
263379,Woolworths Beef Brisket Bones 1kg - 1.65kg,N/A,N/A,/shop/productdetails/263379/woolworths-beef-brisket-bones
703387,Woolworths Beef Soup Bones 1kg - 1.3kg,N/A,N/A,/shop/productdetails/703387/woolworths-beef-soup-bones
214924,Woolworths Crumbed Tasmanian Skin Off Salmon Bites 285g,$11.00,$38.60 / 1KG,/shop/productdetails/214924/woolworths-crumbed-tasmanian-skin-off-salmon-bites
270032,Tropic Co Australian Cooked Tiger Prawns 475g,$16.00,$33.68 / 1KG,/shop/productdetails/270032/tropic-co-australian-cooked-tiger-prawns
78574,Woolworths Cook Pork Belly 400g - 700g,N/A,N/A,/shop/productdetails/78574/woolworths-cook-pork-belly
189225,Karumba Banana Prawns 500g,$29.00,$58.00 / 1KG,/shop/productdetails/189225/karumba-banana-prawns
212746,Woolworths Bbq Pulled Pork Burger Kit 700g,$16.50,$23.57 / 1KG,/shop/productdetails/212746/woolworths-bbq-pulled-pork-burger-kit
134040,Woolworths Chicken Burgers Salt & Pepper 440g,$8.00,$18.18 / 1KG,/shop/productdetails/134040/woolworths-chicken-burgers-salt-pepper
214167,Woolworths Angus Beef Chuck Burgers 2 Pack,$7.50,$26.79 / 1KG,/shop/productdetails/214167/woolworths-angus-beef-chuck-burgers
62900,Woolworths Fresh Whole Black Mussels Per Kg,N/A,N/A,/shop/productdetails/62900/woolworths-fresh-whole-black-mussels
580252,D'orsogna Mini Champagne Leg Ham 850g,$15.00,$17.65 / 1KG,/shop/productdetails/580252/d-orsogna-mini-champagne-leg-ham
665989,Ocean Chef Hoki Fillets 1kg,$22.50,$22.50 / 1KG,/shop/productdetails/665989/ocean-chef-hoki-fillets
148672,Woolworths The Cooks Cuts Beef Brisket 800g - 1.5kg,$25.20,$18.00 / 1KG,/shop/productdetails/148672/woolworths-the-cooks-cuts-beef-brisket
186693,Birds Eye Ocean Selections Barramundi Skin On Frozen Fish Fillet 2 Pack,$10.00,$40.00 / 1KG,/shop/productdetails/186693/birds-eye-ocean-selections-barramundi-skin-on-frozen-fish-fillet
289772,Talley's Chilled Mussels Chilli 375g,$8.00,$21.33 / 1KG,/shop/productdetails/289772/talley-s-chilled-mussels-chilli
18181,Norfolk Bay Natural Wood Smoked Prawns 120g,$10.50,$87.50 / 1KG,/shop/productdetails/18181/norfolk-bay-natural-wood-smoked-prawns
727221,Macro Free Range Chicken Splits Lemon & Garlic 900g - 1.25kg,$13.75,$11.00 / 1KG,/shop/productdetails/727221/macro-free-range-chicken-splits-lemon-garlic
212935,Primo Salt Reduced Short Cut Bacon 200g,$6.20,$31.00 / 1KG,/shop/productdetails/212935/primo-salt-reduced-short-cut-bacon
248544,Macro Free Range Pork Rashers 250g - 550g,$14.85,$27.00 / 1KG,/shop/productdetails/248544/macro-free-range-pork-rashers
25426,Luv-a-duck Confit Duck Legs 500g,$10.50,$21.00 / 1KG,/shop/productdetails/25426/luv-a-duck-confit-duck-legs
246721,"Birds Eye Ocean Selections Raw Prawns Frozen, Garlic And Herb Dusted 500g",$24.00,$48.00 / 1KG,/shop/productdetails/246721/birds-eye-ocean-selections-raw-prawns-frozen-garlic-and-herb-dusted
694706,Primo Rindless Middle Bacon 500g,$13.55,$27.10 / 1KG,/shop/productdetails/694706/primo-rindless-middle-bacon
253888,Macro Free Range Chicken Breast Steaks Sweet Chipotle 500g,$12.00,,/shop/productdetails/253888/macro-free-range-chicken-breast-steaks-sweet-chipotle
254550,Macro Grass Fed Beef Rump Roast 450g - 850g,$23.80,$28.00 / 1KG,/shop/productdetails/254550/macro-grass-fed-beef-rump-roast
81617,Woolworths Cook Boneless Chicken Fillets Drumstick Lemon & Garlic 500g,$8.00,$16.00 / 1KG,/shop/productdetails/81617/woolworths-cook-boneless-chicken-fillets-drumstick-lemon-garlic
765074,Woolworths Roast Lamb Rack 550g - 1.2kg,N/A,N/A,/shop/productdetails/765074/woolworths-roast-lamb-rack
140267,Asp Scottish Kippers 335g,$8.00,$23.88 / 1KG,/shop/productdetails/140267/asp-scottish-kippers
66289,Gourmet Chef Thai Red Curry Sauce 450g,$5.20,$11.56 / 1KG,/shop/productdetails/66289/gourmet-chef-thai-red-curry-sauce
609710,Luv-a-duck Peking Duck Pancake Kit 560g,$18.00,$32.14 / 1KG,/shop/productdetails/609710/luv-a-duck-peking-duck-pancake-kit
189422,Woolworths Cook Japanese Inspired Maple & Miso Pork Bao Bun Kit 655g,$16.50,$25.19 / 1KG,/shop/productdetails/189422/woolworths-cook-japanese-inspired-maple-miso-pork-bao-bun-kit
135421,Woolworths Cook Boneless Chicken With Lemon Thyme & Sourdough 800g - 1.2kg,$15.00,$12.50 / 1KG,/shop/productdetails/135421/woolworths-cook-boneless-chicken-with-lemon-thyme-sourdough
99476,Woolworths Fresh Sydney Rock Oysters 12 Pack,N/A,N/A,/shop/productdetails/99476/woolworths-fresh-sydney-rock-oysters
253887,Free Range Chicken Boneless Butterflied Chicken Moroccan 900g - 1.4kg,$19.60,$14.00 / 1KG,/shop/productdetails/253887/macro-free-range-chicken-boneless-butterflied-chicken-moroccan
187163,Birds Eye Ocean Selections Barramundi Fish Fillet Skin On Korean Bbq 2 Pack,N/A,N/A,/shop/productdetails/187163/birds-eye-ocean-selections-barramundi-fish-fillet-skin-on-korean-bbq
229328,Macro Organic Chicken Drumstick 300g - 550g,$6.05,$11.00 / 1KG,/shop/productdetails/229328/macro-organic-chicken-drumstick
191092,Woolworths Cook Chicken Parmigiana Pasties 400g,$8.50,$2.13 / 100G,/shop/productdetails/191092/woolworths-cook-chicken-parmigiana-pasties
255174,Bertocchi Authentic Leg Ham Boneless 500g - 1kg,$22.50,$22.50 / 1KG,/shop/productdetails/255174/bertocchi-authentic-leg-ham-boneless
109736,Macro Organic Beef Scotch Fillet 200g - 350g,$19.95,$57.00 / 1KG,/shop/productdetails/109736/macro-organic-beef-scotch-fillet
212744,Woolworths Bbq Beef Brisket Burnt Ends With Mustard Bbq Sauce 560g,$16.50,$29.46 / 1KG,/shop/productdetails/212744/woolworths-bbq-beef-brisket-burnt-ends-with-mustard-bbq-sauce
5371,Ocean Chef Flathead In Crunchy Batter 500g,$12.00,$24.00 / 1KG,/shop/productdetails/5371/ocean-chef-flathead-in-crunchy-batter
162270,Woolworths Cook Chicken Kebabs Sweet Mango & Chilli 10 Pack,$14.50,$18.13 / 1KG,/shop/productdetails/162270/woolworths-cook-chicken-kebabs-sweet-mango-chilli
580253,D'orsogna Honey Leg Ham 850g,$15.00,$17.65 / 1KG,/shop/productdetails/580253/d-orsogna-honey-leg-ham
517468,Luv-a-duck Peking Duck Breasts 360g,$16.50,$45.83 / 1KG,/shop/productdetails/517468/luv-a-duck-peking-duck-breasts
133858,Macro Organic Classic Beef Meatballs 400g,$11.00,$27.50 / 1KG,/shop/productdetails/133858/macro-organic-classic-beef-meatballs
290235,Steggles Crumbed Chicken Alphabites 400g,$7.50,$18.75 / 1KG,/shop/productdetails/290235/steggles-crumbed-chicken-alphabites
307736,Bertocchi Bacon Hock Smoked Meaty 900g - 1.55kg,N/A,N/A,/shop/productdetails/307736/bertocchi-bacon-hock-smoked-meaty
59907,Fresh Ling Fillets Per Kg,$36.00,$36.00 / 1KG,/shop/productdetails/59907/fresh-ling-fillets
229320,Macro Organic Whole Chicken 1.5kg - 2.7kg,$33.75,$12.50 / 1KG,/shop/productdetails/229320/macro-organic-whole-chicken
81616,Woolworths Cook Boneless Chicken Fillets Drumstick Paprika & Chilli 500g,$8.00,$16.00 / 1KG,/shop/productdetails/81616/woolworths-cook-boneless-chicken-fillets-drumstick-paprika-chilli
66249,Ocean Blue Mini Blinis 168g,$5.80,$34.52 / 1KG,/shop/productdetails/66249/ocean-blue-mini-blinis
178774,Ingham's Chicken Portion Pieces Gourmet Roasting 1.5kg - 2kg,$18.00,$9.00 / 1KG,/shop/productdetails/178774/ingham-s-chicken-portion-pieces-gourmet-roasting
141727,Macro Organic Beef Eye Fillet Steak 180g - 350g,$25.20,$72.00 / 1KG,/shop/productdetails/141727/macro-organic-beef-eye-fillet-steak
294802,Steggles Family Roast Whoe Chicken Parmi 2kg - 2.9kg,$21.75,$7.50 / 1KG,/shop/productdetails/294802/steggles-family-roast-whoe-chicken-parmi
359913,Bertocchi Ham Leg Boneless 1.8kg,$25.00,$13.89 / 1KG,/shop/productdetails/359913/bertocchi-ham-leg-boneless
802907,Gourmet Chef Chilli Mussel Sauce 450g,$5.20,$11.56 / 1KG,/shop/productdetails/802907/gourmet-chef-chilli-mussel-sauce
212410,Woolworths Corn Chip Chicken Breast Bites 400g,$8.50,$21.25 / 1KG,/shop/productdetails/212410/woolworths-corn-chip-chicken-breast-bites
755470,Macro Free Range Chicken Roasting Portions Portugese Style 1kg - 1.25kg,$11.88,$9.50 / 1KG,/shop/productdetails/755470/macro-free-range-chicken-roasting-portions-portugese-style
859131,Barramundi Skin Off Fillets Bag & Bake Teriyaki Ginger Per Kg,$30.00,$30.00 / 1KG,/shop/productdetails/859131/barramundi-skin-off-fillets-bag-bake-teriyaki-ginger
674265,Primo Pan Sized Rindless Bacon Pan Size 750g,$16.50,$22.00 / 1KG,/shop/productdetails/674265/primo-pan-sized-rindless-bacon-pan-size
155864,Fresh Albacore Tuna Steaks Per Kg,N/A,N/A,/shop/productdetails/155864/fresh-albacore-tuna-steaks
253634,Macro Free Range Chicken With Paella Stuffing Per Kg,$8.50,$8.50 / 1KG,/shop/productdetails/253634/macro-free-range-chicken-with-paella-stuffing
247662,Jervis Bay Shellfish Co Oysters Kilpatrick 6 Pack,$16.00,,/shop/productdetails/247662/blue-harvest-jervis-bay-shellfish-co-oysters-kilpatrick
189421,Woolworths Cook Mild Mexican Inspired Pork Taco Kit 850g,$16.50,$19.41 / 1KG,/shop/productdetails/189421/woolworths-cook-mild-mexican-inspired-pork-taco-kit
189410,Woolworths Cook Middle Eastern Inspired Chicken Pita Kit 850g,$16.50,$19.41 / 1KG,/shop/productdetails/189410/woolworths-cook-middle-eastern-inspired-chicken-pita-kit
83171,Woolworths Rspca Approved Chicken Giblets 1kg,$6.50,$6.50 / 1KG,/shop/productdetails/83171/woolworths-rspca-approved-chicken-giblets
859283,Fresh Ling Fillets Bag And Bake Teriyaki Ginger Per Kg,$33.00,$33.00 / 1KG,/shop/productdetails/859283/fresh-ling-fillets-bag-and-bake-teriyaki-ginger
231378,Just Caught Cooked & Shelled Mussel Meat 1kg,$12.50,$12.50 / 1KG,/shop/productdetails/231378/just-caught-cooked-shelled-mussel-meat
265616,Viking Platter Swedish Caviar 150g,$6.00,$40.00 / 1KG,/shop/productdetails/265616/viking-platter-swedish-caviar
88622,The Free Ranger Free Range Chicken Drumsticks 850g - 1.1kg,$7.70,$7.00 / 1KG,/shop/productdetails/88622/the-free-ranger-free-range-chicken-drumsticks
109737,Macro Organic Beef Rump Steak 200g - 400g,$18.00,$45.00 / 1KG,/shop/productdetails/109737/macro-organic-beef-rump-steak
247612,Ocean Chef Barramundi Portions Skin On 10 Pack,$24.00,$24.00 / 1KG,/shop/productdetails/247612/ocean-chef-barramundi-portions-skin-on
859285,Thawed Imp Perch Nile Fillets Bag And Bake Teriyaki Ginger Per Kg,$17.00,$17.00 / 1KG,/shop/productdetails/859285/thawed-imp-perch-nile-fillets-bag-and-bake-teriyaki-ginger
88789,Woolworths Fresh Flathead Fillets Skinned & Boned Per Kg,$48.00,$48.00 / 1KG,/shop/productdetails/88789/woolworths-fresh-flathead-fillets-skinned-boned
82701,Woolworths Cook Chicken Breast Parcels With Spinach & Ricotta 500g,N/A,N/A,/shop/productdetails/82701/woolworths-cook-chicken-breast-parcels-with-spinach-ricotta
58891,Fresh Yellowfin Tuna Loin Per Kg,N/A,N/A,/shop/productdetails/58891/fresh-yellowfin-tuna-loin
97477,Royal Bacon Co Bacon Ends 500g,$8.00,$16.00 / 1KG,/shop/productdetails/97477/royal-bacon-co-bacon-ends
799041,Woolworths Lamb Eye Of Loin 190g - 450g,$20.70,$46.00 / 1KG,/shop/productdetails/799041/woolworths-lamb-eye-of-loin
254893,Ocean Chef Marinara Seafood Mix 1kg,$15.00,$15.00 / 1KG,/shop/productdetails/254893/ocean-chef-marinara-seafood-mix
109732,Macro Organic Beef Stir Fry 300g - 750g,N/A,N/A,/shop/productdetails/109732/macro-organic-beef-stir-fry
250851,Woolworths Nashville Style Chicken Tenders 400g,$9.00,$22.50 / 1KG,/shop/productdetails/250851/woolworths-nashville-style-chicken-tenders
91090,Goolwa Pipico Whole Clam Chowder 575g,$9.00,$15.65 / 1KG,/shop/productdetails/91090/goolwa-pipico-whole-clam-chowder
25155,Steggles Chicken Frames 2kg,$11.00,$5.50 / 1KG,/shop/productdetails/25155/steggles-chicken-frames
117631,Fisher Bear Marinated Baby Octopus 280g,$15.00,$5.36 / 100G,/shop/productdetails/117631/fisher-bear-marinated-baby-octopus
814942,Woolworths Thawed Extra Large Cooked Tiger Prawns 3kg,N/A,N/A,/shop/productdetails/814942/woolworths-thawed-extra-large-cooked-tiger-prawns
756174,North Coast Sydney Rock Oysters 1 Dozen,$18.00,$1.50 / 1EA,/shop/productdetails/756174/north-coast-sydney-rock-oysters
859300,Thawed Skinned Ling Fillets Bag & Bake Teriyaki Ginger Per Kg,$19.00,$19.00 / 1KG,/shop/productdetails/859300/thawed-skinned-ling-fillets-bag-bake-teriyaki-ginger
221145,Lamb Offal Hearts 400g - 700g,N/A,N/A,/shop/productdetails/221145/lamb-offal-hearts
785136,From The Deli Seafood Platter For Two Each,$33.00,$33.00 / 1EA,/shop/productdetails/785136/from-the-deli-seafood-platter-for-two
250902,Woolworths Crumbed Beef Cheeseburger Chips 400g,$9.00,$22.50 / 1KG,/shop/productdetails/250902/woolworths-crumbed-beef-cheeseburger-chips
251643,Woolworths Meatball & Pasta Kit 1.2kg,N/A,N/A,/shop/productdetails/251643/woolworths-meatball-pasta-kit
256252,Jervis Bay Shellfish Co Handmade Oysters Mornay 6 Pack,$16.00,,/shop/productdetails/256252/blue-harvest-jervis-bay-shellfish-co-handmade-oysters-mornay
221144,Lamb Offal Liver 450g - 750g,N/A,N/A,/shop/productdetails/221144/woolworths-lamb-offal-liver
271239,Woolworths Slow Raised Whole Chicken Per Kg,N/A,N/A,/shop/productdetails/271239/woolworths-slow-raised-whole-chicken
709251,Bertocchi Ham Picnic Shoulder 3.3kg - 4.6 Kg,$48.30,$10.50 / 1KG,/shop/productdetails/709251/bertocchi-ham-picnic-shoulder
859284,Thawed Barramundi Fillets Bag And Bake Teriyaki Ginger Per Kg,N/A,N/A,/shop/productdetails/859284/thawed-barramundi-fillets-bag-and-bake-teriyaki-ginger
270034,Jc Seafood Crumbed Whiting Bites 240g,$8.00,$33.33 / 1KG,/shop/productdetails/270034/jc-seafood-crumbed-whiting-bites
28943,Woolworths Fillets Thawed Freshwater Basa 5kg,N/A,N/A,/shop/productdetails/28943/woolworths-fillets-thawed-freshwater-basa
247602,Ocean Chef Australian Raw Peeld Prawns 400g,$24.00,$60.00 / 1KG,/shop/productdetails/247602/ocean-chef-australian-raw-peeld-prawns
417843,Ocean Chef Moreton Bay Bugs With Garlic & Herb Butter 320g,$19.00,$59.38 / 1KG,/shop/productdetails/417843/ocean-chef-moreton-bay-bugs-with-garlic-herb-butter
262801,Peppercorn Melting Hearts Burger 300g,N/A,N/A,/shop/productdetails/262801/peppercorn-melting-hearts-burger
254551,Macro Grass Fed Beef Flank 200g - 550g,$16.50,$30.00 / 1KG,/shop/productdetails/254551/macro-grass-fed-beef-flank
202317,Ocean Chef Hoki Fillets Manuka Honey & Green Pepper 600g,$16.00,$26.67 / 1KG,/shop/productdetails/202317/ocean-chef-hoki-fillets-manuka-honey-green-pepper
666700,Pastoral Oven Roasted Pork Herb Crusted Sliced From The Deli Per Kg,N/A,N/A,/shop/productdetails/666700/pastoral-oven-roasted-pork-herb-crusted-sliced-from-the-deli
164977,Boston Bay Mussels Hot Pot In Tomato Broth 600g,$11.00,$18.33 / 1KG,/shop/productdetails/164977/mussel
218148,Prawn Cocktail Cooked Tail On Thawed Per Kg,N/A,N/A,/shop/productdetails/218148/prawn-cocktail-cooked-tail-on-thawed
790770,Seafood Entertaining Platter Each,$60.00,$60.00 / 1EA,/shop/productdetails/790770/from-the-deli-seafood-entertaining-platter
46375,Woolworths Fresh Yellowbelly Whole Flounder Per Kg,N/A,N/A,/shop/productdetails/46375/woolworths-fresh-yellowbelly-whole-flounder
427300,Woolworths Extra Large Green King Prawns Thawed 5kg,N/A,N/A,/shop/productdetails/427300/woolworths-extra-large-green-king-prawns-thawed
74477,Woolworths Fresh Ocean Jacket Whole Per Kg,N/A,N/A,/shop/productdetails/74477/woolworths-fresh-ocean-jacket-whole
422300,Thawed Medium Cooked Tiger Prawns 3kg,N/A,N/A,/shop/productdetails/422300/thawed-medium-cooked-tiger-prawns
267938,Jc Seafood Crumbed Whiting Portions 200g,$7.00,$35.00 / 1KG,/shop/productdetails/267938/jc-seafood-crumbed-whiting-portions
270175,Jc Seafood Squid Chips 200g,$7.00,$35.00 / 1KG,/shop/productdetails/270175/jc-seafood-squid-chips
95694,Prawn King Cooked Medium Fresh Clean Per Kg,N/A,N/A,/shop/productdetails/95694/prawn-king-cooked-medium-fresh-clean
145398,Bertocchi Easy Carve Leg Ham 1.2kg - 1.63kg,N/A,N/A,/shop/productdetails/145398/bertocchi-easy-carve-leg-ham
216812,Moira Mac's Rspca Chicken Bites Bbq From The Deli Per Kg,N/A,N/A,/shop/productdetails/216812/moira-mac-s-rspca-chicken-bites-bbq-from-the-deli
46279,Woolworths Fresh Mackerel Grey Cutlets Per Kg,N/A,N/A,/shop/productdetails/46279/woolworths-fresh-mackerel-grey-cutlets
169879,Macro Free Range Chicken Roast With Stuffing 1kg,N/A,N/A,/shop/productdetails/169879/macro-free-range-chicken-roast-with-stuffing
133859,Macro Rosemary & Mint Butterfly Lamb Shoulders 540g - 1.5kg,N/A,N/A,/shop/productdetails/133859/macro-rosemary-mint-butterfly-lamb-shoulders
247592,Ocean Chef Emporor Fillets Skinless 1kg,$30.00,$30.00 / 1KG,/shop/productdetails/247592/ocean-chef-emporor-fillets-skinless
225890,Supafin Seafoods Crumbed Prawns 200g,N/A,N/A,/shop/productdetails/225890/supafin-seafoods-crumbed-prawns
95722,Woolworths Fresh Green Blue Swimmer Crab 1kg,N/A,N/A,/shop/productdetails/95722/woolworths-fresh-green-blue-swimmer-crab
95200,Woolworths Fresh Ocean Bigeye Fillets Perch 1kg,N/A,N/A,/shop/productdetails/95200/woolworths-fresh-ocean-bigeye-fillets-perch
642646,Be Family Smokey Bbq Mini Beef Burrito 500g,N/A,N/A,/shop/productdetails/642646/be-family-smokey-bbq-mini-beef-burrito
382774,Bertocchi Bacon Short Rindless 500g,N/A,N/A,/shop/productdetails/382774/bertocchi-bacon-short-rindless
185020,Bertocchi Easy Cut Leg Ham Half 3.2kg - 3.8kg,N/A,N/A,/shop/productdetails/185020/bertocchi-easy-cut-leg-ham-half
549578,Bertocchi Premium Leg Ham Pure Gold 2.2kg - 2.8kg,N/A,N/A,/shop/productdetails/549578/bertocchi-premium-leg-ham-pure-gold
546299,Bertocchi Real Leg Ham Applewood Smoked Nugget 3.1kg - 3.3kg,N/A,N/A,/shop/productdetails/546299/bertocchi-real-leg-ham-applewood-smoked-nugget
69624,Borrowdale Free Range 1/4 Ham Per Kg,N/A,N/A,/shop/productdetails/69624/borrowdale-free-range-1-4-ham
69132,D'orsogna Honey Ginger Leg Ham 1.2kg,N/A,N/A,/shop/productdetails/69132/d-orsogna-honey-ginger-leg-ham
69133,D'orsogna Pineapple Glazed Leg Ham 1.2kg,N/A,N/A,/shop/productdetails/69133/d-orsogna-pineapple-glazed-leg-ham
60609,De Costi Tasmanian Scallops 180g,N/A,N/A,/shop/productdetails/60609/de-costi-tasmanian-scallops
169881,Gold Bacon Wrapped Chicken Breast Roast With Stuffing & Glaze 1kg,N/A,N/A,/shop/productdetails/169881/gold-bacon-wrapped-chicken-breast-roast-with-stuffing-glaze
267188,Jc Seafood Tempura Battered Whiting 200g,$8.00,$40.00 / 1KG,/shop/productdetails/267188/jc-seafood-tempura-battered-whiting
812313,Miguel Maestre Free Range Ham 2.4kg - 4.5kg,N/A,N/A,/shop/productdetails/812313/miguel-maestre-free-range-ham
69188,Miguel Maestre Leg Ham With Crispy Crackling 1.8kg - 2.3kg,N/A,N/A,/shop/productdetails/69188/miguel-maestre-leg-ham-with-crispy-crackling
119835,Moira Mac's Apricot Stuffed Chicken Breast 300g,N/A,N/A,/shop/productdetails/119835/moira-mac-s-apricot-stuffed-chicken-breast
120277,Moira Mac's Pistachio & Cranberry Stuffed Roast Turkey Breast 400g - 600g,N/A,N/A,/shop/productdetails/120277/moira-mac-s-pistachio-cranberry-stuffed-roast-turkey-breast
325808,Mures Soup Prawn Bisque 500ml,N/A,N/A,/shop/productdetails/325808/mures-soup-prawn-bisque
120370,Primo Festive Hamper Twin Pack 800g - 1.1kg,N/A,N/A,/shop/productdetails/120370/primo-festive-hamper-twin-pack
120056,Primo Leatherwood Glaze Honey Ham 1kg - 1.4kg,N/A,N/A,/shop/productdetails/120056/primo-leatherwood-glaze-honey-ham
809762,Surimi Mix Thawed Per Kg,N/A,N/A,/shop/productdetails/809762/surimi-mix-thawed
73671,Three Aussie Farmers Spiral Ham Per Kg,N/A,N/A,/shop/productdetails/73671/three-aussie-farmers-spiral-ham
120225,Woolworths Boneless Honey Maple Glazed Loin Ham 800g - 1.4kg,N/A,N/A,/shop/productdetails/120225/woolworths-boneless-honey-maple-glazed-loin-ham
169880,Woolworths Christmas Boneless Butterfly Chicken 1kg,N/A,N/A,/shop/productdetails/169880/woolworths-christmas-boneless-butterfly-chicken
777530,Woolworths Extra Large Cooked Australian Tiger Prawns Thawed Per Kg,N/A,N/A,/shop/productdetails/777530/woolworths-extra-large-cooked-australian-tiger-prawns-thawed
208008,Woolworths Thawed Imported Lake Victoria Perch Nile Fillets 6kg,N/A,N/A,/shop/productdetails/208008/woolworths-thawed-imported-lake-victoria-perch-nile-fillets
340199,Woolworths Thawed Seafood Marinara Mix Salad 5kg,N/A,N/A,/shop/productdetails/340199/woolworths-thawed-seafood-marinara-mix-salad
256720,Woolworths Wagyu Rump Steak 150g - 350g,$20.30,$58.00 / 1KG,/shop/productdetails/256720/woolworths-wagyu-rump-steak
