84590,Sunsol Pro-biotic Almond & Manuka Honey Toasted Muesli 400g,$7.00 ,$1.75 / 100G,/shop/productdetails/84590/sunsol-pro-biotic-almond-manuka-honey-toasted-muesli
245394,Woolworths Peach In Mango Flavoured Jelly 4 Pack,$2.20 ,$4.58 / 1KG,/shop/productdetails/245394/woolworths-peach-in-mango-flavoured-jelly
758299,Dolmio Extra Spicy Peppers Tomato Pasta Sauce 500g,$3.50 ,$0.70 / 100G,/shop/productdetails/758299/dolmio-extra-spicy-peppers-tomato-pasta-sauce
41853,Twinings English Breakfast Loose Leaf Tea 125g,$6.50 ,$5.20 / 100G,/shop/productdetails/41853/twinings-english-breakfast-loose-leaf-tea
332567,Yeo's Drink Lychee 300ml,$1.25 ,$4.17 / 1L,/shop/productdetails/332567/yeo-s-drink-lychee
34565,Sacla Pesto Classic Green 190g,$5.90 ,$3.11 / 100G,/shop/productdetails/34565/sacla-pesto-classic-green
254421,Woolworths Passionfruit Pulp Canned 170g,$1.09 ,$6.41 / 1KG,/shop/productdetails/254421/woolworths-passionfruit-pulp-canned
758447,Dolmio Creamy Carbonara Pasta Sauce 490g,$3.50 ,$0.71 / 100G,/shop/productdetails/758447/dolmio-creamy-carbonara-pasta-sauce
787707,Sandhurst Semi Dried Tomato Strips 125g,$4.80 ,$38.40 / 1KG,/shop/productdetails/787707/sandhurst-semi-dried-tomato-strips-sundried-strips
97730,Valcom Canned Bamboo Shoots Sliced 225g,$1.40 ,$6.22 / 1KG,/shop/productdetails/97730/valcom-canned-bamboo-shoots-sliced
250992,Woolworths Cayenne Pepper 30g,,,/shop/productdetails/250992/woolworths-cayenne-pepper
144784,Woolworths Fresh Parsley Bunch,$3.20 ,$3.20 / 1EA,/shop/productdetails/144784/woolworths-fresh-parsley
178262,Annalisa Chickpeas 400g,$1.90 ,$0.48 / 100G,/shop/productdetails/178262/annalisa-chickpeas
78921,Barilla Basilico Pasta Sauce 400g,$4.60 ,$1.15 / 100G,/shop/productdetails/78921/barilla-basilico-pasta-sauce-basilico-tomato-basil
758809,Spc Baked Beans Rich Tomato Salt Reduced 220g X 4 Pack,$6.00 ,$0.68 / 100G,/shop/productdetails/758809/spc-baked-beans-rich-tomato-salt-reduced
535605,Woolworths Wholemeal Plain Flour 1kg,$2.00 ,$2.00 / 1KG,/shop/productdetails/535605/woolworths-wholemeal-plain-flour
450832,"Leggo's Pasta Sauce Carbonara Fresh Cream, Onion & Cheese 490g",$4.30 ,$0.88 / 100G,/shop/productdetails/450832/leggo-s-pasta-sauce-carbonara-fresh-cream-onion-cheese
678536,Maggie Beer Natural Beef Stock 500ml,$5.50 ,$1.10 / 100ML,/shop/productdetails/678536/maggie-beer-natural-beef-stock
75979,Nerada Tea Bags 200 Pack 400g,$6.00 ,$0.03 / 1EA,/shop/productdetails/75979/nerada-tea-bags
206404,Sanitarium Up & Go Protein Energize Strawberry Breakfast Drink 6 Pack,$10.50 ,$7.00 / 1L,/shop/productdetails/206404/sanitarium-up-go-protein-energize-strawberry-breakfast-drink
112080,Csr White Sugar Cubes 450g,$4.90 ,$1.09 / 100G,/shop/productdetails/112080/csr-white-sugar-cubes
128211,Deep Cove Red Salmon 105g,$3.70 ,$35.24 / 1KG,/shop/productdetails/128211/deep-cove-red-salmon
109275,Meiji Yan Yan Snacks Chocolate 50g,$2.10 ,$4.20 / 100G,/shop/productdetails/109275/meiji-yan-yan-snacks-chocolate
58611,Mitani Chicken Salt 200g,$3.40 ,$0.17 / 10G,/shop/productdetails/58611/mitani-chicken-salt
147314,Nutella Hazelnut Chocolate Spread 750g,$9.75 ,$1.30 / 100G,/shop/productdetails/147314/nutella-hazelnut-chocolate-spread-spread
8254,Sunrice Brown Rice Medium Grain 2kg,$7.70 ,$0.39 / 100G,/shop/productdetails/8254/sunrice-brown-rice-medium-grain
94250,Edgell Peas & Carrots 420g,$2.50 ,$5.95 / 1KG,/shop/productdetails/94250/edgell-peas-carrots-peas-carrots
750524,Heinz Soup Of The Day Spicy Pumpkin Soup Pouch 430g,$4.50 ,$1.05 / 100G,/shop/productdetails/750524/heinz-soup-of-the-day-spicy-pumpkin-soup-pouch
251001,Woolworths Cinnamon Sugar 60g,$1.65 ,$0.28 / 10G,/shop/productdetails/251001/woolworths-cinnamon-sugar
115013,Leggo's Tomato Paste No Added Salt Triple Concentrate Sachets 4x50g,$3.00 ,$1.50 / 100G,/shop/productdetails/115013/leggo-s-tomato-paste-no-added-salt-triple-concentrate-sachets
64364,Kikkoman Gf Sushi Teriyaki Sauce 200ml,$4.60 ,$2.30 / 100ML,/shop/productdetails/64364/kikkoman-gf-sushi-teriyaki-sauce
129035,Woolworths Smoked Sprats In Oil 120g,$3.00 ,$25.00 / 1KG,/shop/productdetails/129035/woolworths-smoked-sprats-in-oil
257303,Woolworths Vinegar Balsamic White 250ml,$3.00 ,$1.20 / 100ML,/shop/productdetails/257303/woolworths-vinegar-balsamic-white
820275,Campbell's Bone Broth Free Range Chicken 500ml,$7.00 ,$1.40 / 100ML,/shop/productdetails/820275/campbell-s-bone-broth-free-range-chicken
37831,Vittoria Espresso Ground Coffee 200g,$10.00 ,$5.00 / 100G,/shop/productdetails/37831/vittoria-espresso-ground-coffee
250979,Woolworths All Spice Ground 30g,$2.10 ,$0.70 / 10G,/shop/productdetails/250979/woolworths-all-spice-ground
948517,Hershey's Caramel Syrup 623g,$6.00 ,$0.96 / 100G,/shop/productdetails/948517/hersheys-caramel-syrup
700640,Macro Organic Red Kidney Beans 425g,$1.50 ,$0.35 / 100G,/shop/productdetails/700640/macro-organic-red-kidney-beans
172100,Masterfoods Stir Fry Recipe Base Creamy Thai Chicken 175g,$2.80 ,$1.60 / 100G,/shop/productdetails/172100/masterfoods-stir-fry-recipe-base-creamy-thai-chicken
356772,Mission Corn Chips Deli Round 500g,$6.60 ,$1.32 / 100G,/shop/productdetails/356772/mission-corn-chips-deli-round
208575,Moccona Freeze Dried Instant Coffee Classic Medium Roast 400g,$28.00 ,$7.00 / 100G,/shop/productdetails/208575/moccona-freeze-dried-instant-coffee-classic-medium-roast
231636,Sunrice Basmati Rice 1kg,$5.20 ,$0.52 / 100G,/shop/productdetails/231636/sunrice-basmati-rice
292592,Cottee's Raspberry Jam 375g,$2.80 ,$0.75 / 100G,/shop/productdetails/292592/cottee-s-raspberry-jam
318710,Essentials Ice Cream Cone Cups 24 Pack,$2.00 ,$2.00 / 100G,/shop/productdetails/318710/essentials-ice-cream-cone-cups
181061,Slush Puppie Strawberry Flavoured 250ml,$3.50 ,$1.40 / 100ML,/shop/productdetails/181061/slush-puppie-strawberry-flavoured
293237,White Wings Cornflour 300g,$2.95 ,$9.83 / 1KG,/shop/productdetails/293237/white-wings-cornflour
732195,Edgell Brown Lentils 400g,$1.70 ,$0.43 / 100G,/shop/productdetails/732195/edgell-brown-lentils
362224,Jacobs Snacks Original Twiglets 45g,$2.30 ,$5.11 / 100G,/shop/productdetails/362224/jacobs-snacks-original-twiglets
364435,Kewpie Japanese Mayonnaise 500g,$8.00 ,$1.60 / 100G,/shop/productdetails/364435/kewpie-japanese-mayonnaise
340189,Three Threes Bbq Rib Sauce 275ml,$3.30 ,$1.20 / 100ML,/shop/productdetails/340189/three-threes-bbq-rib-sauce
170894,Maggie Beer Natural Free Range Chicken Bone Broth 500ml,$6.20 ,$1.24 / 100ML,/shop/productdetails/170894/maggie-beer-natural-free-range-chicken-bone-broth
200784,San Remo La Pasta Carbonara Single Snack 80g,$1.40 ,$1.75 / 100G,/shop/productdetails/200784/san-remo-la-pasta-carbonara-single-snack
825616,Woolworths Chicken Satay With Jasmine Rice 350g,$4.00 ,$1.14 / 100G,/shop/productdetails/825616/woolworths-chicken-satay-with-jasmine-rice
97011,Angas Park Prunes Pitted Resealable 500g,$8.50 ,$17.00 / 1KG,/shop/productdetails/97011/angas-park-prunes-pitted-resealable
92228,Guzzi's Tricolore Tagliatelle 375g,$5.65 ,$1.51 / 100G,/shop/productdetails/92228/guzzi-s-tricolore-tagliatelle
297000,Macro Organic Coconut Cream 400ml,$2.35 ,$0.59 / 100ML,/shop/productdetails/297000/macro-organic-coconut-cream
231887,Old El Paso Taco Spice Mix Lime & Jalapeno 30g,$2.40 ,$8.00 / 100G,/shop/productdetails/231887/old-el-paso-taco-spice-mix-lime-jalapeno
34676,Golden Circle Australian Canned Fruit Tinned Pineapple Pieces In Juice 440g,$4.40 ,$10.00 / 1KG,/shop/productdetails/34676/golden-circle-australian-canned-fruit-tinned-pineapple-pieces-in-juice
377119,Sweet Baby Ray's Bbq Sauce 425ml,$6.90 ,$1.62 / 100ML,/shop/productdetails/377119/sweet-baby-ray-s-bbq-sauce
96730,White Wings Pancake Mix Original Shaker 350g,$2.50 ,$0.71 / 100G,/shop/productdetails/96730/white-wings-pancake-mix-original-shaker
230946,Continental Classics Pasta & Sauce Creamy Bacon Carbonara Serves 2 85g,$2.80 ,$3.29 / 100G,/shop/productdetails/230946/continental-classics-pasta-sauce-creamy-bacon-carbonara-serves-2
325130,Gourmet Garden Paste Thai 80g Tube,,,/shop/productdetails/325130/gourmet-garden-paste-thai
790377,Kewpie Mayonnaise Wasabi Flavour 300g,$5.50 ,$1.83 / 100G,/shop/productdetails/790377/kewpie-mayonnaise-wasabi-flavour
250962,Leggos Passata Sauce Italian Herbs 700g,$4.00 ,$0.57 / 100G,/shop/productdetails/250962/leggo-s-passata-sauce-italian-herbs
669962,Woolworths Apple Puree In Pouch 90g,$0.95 ,$10.56 / 1KG,/shop/productdetails/669962/woolworths-apple-puree-in-pouch
179175,Zooper Dooper Ice Blocks Lemonade 24 X 70ml,$6.50 ,$0.39 / 100ML,/shop/productdetails/179175/zooper-dooper-ice-blocks-lemonade
64129,Australian Organic Food Co Classic Tomato Passata 500g,$3.95 ,$0.79 / 100G,/shop/productdetails/64129/australian-organic-food-co-classic-tomato-passata
841337,Dole Premium Crushed Pineapple 432g,$2.50 ,$5.79 / 1KG,/shop/productdetails/841337/dole-premium-crushed-pineapple
588066,Mckenzie's Red Lentils 1kg,$4.80 ,$0.48 / 100G,/shop/productdetails/588066/mckenzie-s-red-lentils
829332,Vittoria Espressotoria Italian Coffee Capsules 12 Pack,$6.00 ,$0.50 / 1EA,/shop/productdetails/829332/vittoria-espressotoria-italian-coffee-capsules
250997,Woolworths Chives Chopped 2g,$2.20 ,$11.00 / 10G,/shop/productdetails/250997/woolworths-chives-chopped
237378,Your Condiment Co. Dijon Mustard 200g,$2.90 ,$1.45 / 100G,/shop/productdetails/237378/your-condiment-co-your-condiment-co-dijon-mustard
251122,Woolworths Seasoning Moroccan 52g,$2.70 ,$0.52 / 10G,/shop/productdetails/251122/woolworths-seasoning-moroccan
663583,Macro Organic 4 Bean Mix No Added Salt 420g,$1.50 ,$0.36 / 100G,/shop/productdetails/663583/macro-organic-4-bean-mix-no-added-salt
76493,Nerada Tea Bags 100 Pack 200g,$4.00 ,$0.04 / 1EA,/shop/productdetails/76493/nerada-tea-bags
369717,Angas Park Pitted Prunes Pitted 1kg,$14.00 ,$14.00 / 1KG,/shop/productdetails/369717/angas-park-pitted-prunes-pitted
496355,Cornwell's Apple Cider Vinegar 375ml,$2.60 ,$0.69 / 100ML,/shop/productdetails/496355/cornwell-s-apple-cider-vinegar
24275,Patak's Tikka Masala Curry Paste 283g,$7.50 ,$2.65 / 100G,/shop/productdetails/24275/patak-s-tikka-masala-curry-paste-paste
39900,White Wings Plain Flour 2kg,$4.50 ,$2.25 / 1KG,/shop/productdetails/39900/white-wings-plain-flour
172405,Woolworths Shredded Coconut 250g,$2.35 ,$9.40 / 1KG,/shop/productdetails/172405/woolworths-shredded-coconut
364085,Csr Caster Sugar Raw 750g,$3.50 ,$0.47 / 100G,/shop/productdetails/364085/csr-caster-sugar-raw
40049,Campbell's Condensed Soup Cream Of Celery 410g,$2.20 ,$0.54 / 100G,/shop/productdetails/40049/campbell-s-condensed-soup-cream-of-celery
41841,Continental French Onion Salt Reduced Simmer Soup 35g,$1.20 ,$3.43 / 100G,/shop/productdetails/41841/continental-french-onion-salt-reduced-simmer-soup
199689,Dilmah Extra Strength Tea Bags 50 Pack,$3.20 ,$0.06 / 1EA,/shop/productdetails/199689/dilmah-extra-strength-tea-bags
325191,White Wings Brownie Mix Chocolate Chunk 475g,$5.00 ,$1.05 / 100G,/shop/productdetails/325191/white-wings-brownie-mix-chocolate-chunk
825513,Masterfoods Simmer Sauce Butter Chicken 485g,$4.50 ,$0.93 / 100G,/shop/productdetails/825513/masterfoods-simmer-sauce-butter-chicken
580621,Patak's Mild Butter Chicken Simmer Sauce 450g,$2.75 ,$0.61 / 100G,/shop/productdetails/580621/patak-s-mild-butter-chicken-simmer-sauce
750407,Heinz Big N Chunky Mexican Chilli Beef Soup Ready Meals 520g,$3.90 ,$0.75 / 100G,/shop/productdetails/750407/heinz-big-n-chunky-mexican-chilli-beef-soup-ready-meals
567738,Woolworths Garlic Aioli 250ml,$2.30 ,$0.92 / 100ML,/shop/productdetails/567738/woolworths-garlic-aioli
521258,Choice Beef Instant Noodles 85g X5 Pack,,,/shop/productdetails/521258/choice-beef-instant-noodles
155144,La Costena Chunky Salsa Mild 310g,$5.80 ,$1.87 / 100G,/shop/productdetails/155144/la-costena-chunky-salsa-mild
75201,Mckenzie's Bi Carb Soda 500g,$2.70 ,$0.54 / 100G,/shop/productdetails/75201/mckenzie-s-bi-carb-soda
329104,Uncle Tobys Fruity Bites Wildberry Flavour Breakfast Cereal 500g,$5.00 ,$1.00 / 100G,/shop/productdetails/329104/uncle-tobys-fruity-bites-wildberry-flavour-breakfast-cereal
93852,Vittoria Espresso Nespresso Compatible Coffee Capsules Pack 20,$13.00 ,$0.65 / 1EA,/shop/productdetails/93852/vittoria-espresso-nespresso-compatible-coffee-capsules
321571,Beerenberg Strawberry Jam 300g,$4.50 ,$1.50 / 100G,/shop/productdetails/321571/beerenberg-strawberry-jam
867174,Huy Fong Chilli Paste Sambal Oelek 230ml,,,/shop/productdetails/867174/huy-fong-chilli-paste-sambal-oelek
74641,La Molisana Pastificio Extra Di Lusso Potato Gnocchi 500g,$3.61 ,$0.72 / 100G,/shop/productdetails/74641/la-molisana-pastificio-extra-di-lusso-potato-gnocchi
451728,Leggos Pasta Bake Tomato Ricotta & Spinach 500g,$4.00 ,$0.80 / 100G,/shop/productdetails/451728/leggo-s-pasta-bake-tomato-ricotta-spinach
290297,Mutti Passata With Basil 700g,$4.40 ,$0.63 / 100G,/shop/productdetails/290297/mutti-passata-with-basil
830067,Juicy Isle Chocolate Topping 375ml,$3.00 ,$0.80 / 100ML,/shop/productdetails/830067/juicy-isle-chocolate-topping
193794,Sunshine Sugar Low Gi Sugar 1kg,$2.20 ,$0.22 / 100G,/shop/productdetails/193794/sunshine-sugar-low-gi-sugar
24765,Trident Chilli Sauce Sweet Chilli 285ml,$3.85 ,$1.35 / 100ML,/shop/productdetails/24765/trident-chilli-sauce-sweet-chilli
19149,Continental Classics Cup A Soup Creamy Chicken Noodles Single Serve 43g,$2.20 ,$5.12 / 100G,/shop/productdetails/19149/continental-classics-cup-a-soup-creamy-chicken-noodles-single-serve
698862,Essentials Olive Oil 500ml,,,/shop/productdetails/698862/essentials-olive-oil
157346,Robert Timms Coffee Bags Decaffeinated 18 Pack,$10.00 ,$0.56 / 1EA,/shop/productdetails/157346/robert-timms-coffee-bags-decaffeinated
186274,Woolworths Choc Hazelnut Spread 750g,,,/shop/productdetails/186274/woolworths-choc-hazelnut-spread
310679,Devondale 100% Pure Full Cream Long Life Milk 150ml,$1.30 ,$8.67 / 1L,/shop/productdetails/310679/devondale-100-pure-full-cream-long-life-milk
781575,Heinz Soup Of The Day Spanish Style Chicken Paella Soup Pouch 430g,$4.50 ,$1.05 / 100G,/shop/productdetails/781575/heinz-soup-of-the-day-spanish-style-chicken-paella-soup-pouch
255147,Kraft Easy Mac & Cheese Macaroni Pasta Classic Cheese Noodles 560g,$7.20 ,$1.29 / 100G,/shop/productdetails/255147/kraft-easy-mac-cheese-macaroni-pasta-classic-cheese-noodles
142574,Queen Pure Maple Syrup 250ml,$9.50 ,$3.80 / 100ML,/shop/productdetails/142574/queen-pure-maple-syrup
225648,Twinings Every Day Black Tea Bags 100 Pack,$13.50 ,$0.14 / 1EA,/shop/productdetails/225648/twinings-every-day-black-tea-bags
895992,Mazzetti Apple Cider Vinegar With Mother 500ml,$4.15 ,$0.83 / 100ML,/shop/productdetails/895992/mazzetti-apple-cider-vinegar-with-mother
96235,Golden Circle Canned Vegetables Baby Beetroot Cans 450g,$2.30 ,$5.11 / 1KG,/shop/productdetails/96235/golden-circle-canned-vegetables-baby-beetroot-cans
37370,Saxa Fine White Pepper 50g,$4.20 ,$0.84 / 10G,/shop/productdetails/37370/saxa-fine-white-pepper-picnic-pack
221793,Starbucks Espresso Roast Capsules 36 Pack,$22.00 ,$0.61 / 1EA,/shop/productdetails/221793/starbucks-espresso-roast-capsules
28617,Uncle Tobys Oats Breakfast Bakes Cereal Bar Apple & Cinnamon 260g,$7.00 ,$2.69 / 100G,/shop/productdetails/28617/uncle-tobys-oats-breakfast-bakes-cereal-bar-apple-cinnamon
82126,Valcom Paste Thai Red Curry 210g,$3.80 ,$1.81 / 100G,/shop/productdetails/82126/valcom-paste-thai-red-curry
212347,Praise Dressings French Original 330ml,$3.00 ,$0.91 / 100ML,/shop/productdetails/212347/praise-dressings-french-original
591706,Spc Tropics Mangoes In Juice Fruit Cups 4 X 120g,$4.50 ,$9.38 / 1KG,/shop/productdetails/591706/spc-tropics-mangoes-in-juice-fruit-cups
575869,Australia's Own Unsweetened Coconut Milk 1l,$3.20 ,$3.20 / 1L,/shop/productdetails/575869/australia-s-own-unsweetened-coconut-milk
670114,Lotus Biscoff Spread 400g,$7.50 ,$1.88 / 100G,/shop/productdetails/670114/lotus-biscoff-spread
95116,Paramount Salmon Pink 210g,$6.00 ,$28.57 / 1KG,/shop/productdetails/95116/paramount-salmon-pink
781034,Mayver's Crunchy Peanut Butter 375g,$4.60 ,$1.23 / 100G,/shop/productdetails/781034/mayver-s-crunchy-peanut-butter
511124,Zooper Dooper Ice Blocks Sourz 24x70ml,$6.50 ,$0.39 / 100ML,/shop/productdetails/511124/zooper-dooper-ice-blocks-sourz
94637,Hoyts Garlic Powder 25g,$1.60 ,$0.64 / 10G,/shop/productdetails/94637/hoyts-garlic-powder
166783,Masterfoods Japanese Style Tonkatsu 250ml,$4.50 ,$1.80 / 100ML,/shop/productdetails/166783/masterfoods-japanese-style-tonkatsu
25207,San Remo Cous Cous Medium Grain 500g,$2.25 ,$0.45 / 100G,/shop/productdetails/25207/san-remo-cous-cous-medium-grain
827577,Uncle Tobys Cereal Plus Iron 410g,$6.50 ,$1.59 / 100G,/shop/productdetails/827577/uncle-tobys-cereal-plus-iron
83291,Mama Shrimp (tom Yum) Instant Noodles 90g X5 Pack,$6.50 ,$1.44 / 100G,/shop/productdetails/83291/mama-shrimp-tom-yum-instant-noodles
54737,Lakanto Monkfruit Classic Sweetener Replaces White Sugar 200g,$8.90 ,$4.45 / 100G,/shop/productdetails/54737/lakanto-monkfruit-classic-sweetener-replaces-white-sugar
35551,Masterfoods Garlic Salt 210g,$4.50 ,$0.21 / 10G,/shop/productdetails/35551/masterfoods-garlic-salt
701667,Macro Organic Rice Milk 1l,$1.65 ,$1.65 / 1L,/shop/productdetails/701667/macro-organic-rice-milk
262170,Nerada Organic Peppermint Tea Bags 40 Pack 60g,$5.80 ,$0.15 / 1EA,/shop/productdetails/262170/nerada-organic-peppermint-tea-bags
274308,Praise Dressings Caesar 330ml,$3.00 ,$0.91 / 100ML,/shop/productdetails/274308/praise-dressings-caesar
245396,Woolworths Two Fruits In Tropical Jelly 4 Pack,$2.20 ,$4.58 / 1KG,/shop/productdetails/245396/woolworths-two-fruits-in-tropical-jelly
793391,Pureharvest Coco Quench Coconut Milk 1l,$3.50 ,$3.50 / 1L,/shop/productdetails/793391/pureharvest-coco-quench-coconut-milk
660390,Vitasoy Almond Milky 1l,$3.00 ,$3.00 / 1L,/shop/productdetails/660390/vitasoy-almond-milky
93221,Vittoria Espresso Nespresso Compatible Coffee Capsules Pack 10,$5.50 ,$0.55 / 1EA,/shop/productdetails/93221/vittoria-espresso-nespresso-compatible-coffee-capsules
148281,Uncle Tobys Oats Quick Sachets Big Bowl Original Porridge 368g,$5.00 ,$1.36 / 100G,/shop/productdetails/148281/uncle-tobys-oats-quick-sachets-big-bowl-original-porridge
803886,Haday Supreme Soy Sauce 750ml,$6.60 ,$0.88 / 100ML,/shop/productdetails/803886/haday-supreme-soy-sauce
232124,Praise Dressings Thousand Island 330ml,$3.00 ,$0.91 / 100ML,/shop/productdetails/232124/praise-dressings-thousand-island
245393,Woolworths Pear In Raspberry Flavoured Jelly 4x120g,$2.20 ,$4.58 / 1KG,/shop/productdetails/245393/woolworths-pear-in-raspberry-flavoured-jelly
34119,Continental Instant Mashed Potato Deb Mash 115g,$2.10 ,$18.26 / 1KG,/shop/productdetails/34119/continental-instant-mashed-potato-deb-mash
264095,Dollar Sweets Choclettes 150g,$2.30 ,$1.53 / 100G,/shop/productdetails/264095/dollar-sweets-choclettes
85842,Heinz Plant Proteinz Vegetarian Lentil & Sweet Potato Dahl 330g,$2.20 ,$0.67 / 100G,/shop/productdetails/85842/heinz-plant-proteinz-vegetarian-lentil-sweet-potato-dahl
805283,Hong Gong Cooking Rice Wine 620ml,$2.80 ,$0.45 / 100ML,/shop/productdetails/805283/hong-gong-cooking-rice-wine
224905,Maggi Chicken Flavour Cup Instant Noodles 60g,$2.50 ,$4.31 / 100G,/shop/productdetails/224905/maggi-chicken-flavour-cup-instant-noodles
565830,Woolworths Apple Slices Pie Fruit 385g,,,/shop/productdetails/565830/woolworths-apple-slices-pie-fruit
209144,Liddells Skim Long Life Milk Lactose Free 1l,$3.00 ,$3.00 / 1L,/shop/productdetails/209144/liddells-skim-long-life-milk-lactose-free
119755,Sanitarium Up&go Dairy Free Liquid Breakfast Vanilla Ice 12 Pack,$15.80 ,$5.27 / 1L,/shop/productdetails/119755/sanitarium-up-go-dairy-free-liquid-breakfast-vanilla-ice
267358,Sunlee Sweet Corn In Brine 410g,$1.10 ,$2.68 / 1KG,/shop/productdetails/267358/sunlee-sweet-corn-in-brine
86973,Csr Demerara Sugar 375g,$2.40 ,$0.64 / 100G,/shop/productdetails/86973/csr-demerara-sugar
761509,Continental Classics Pasta & Sauce Creamy Bacon Carbonara Family Pack 145g,$3.50 ,$2.41 / 100G,/shop/productdetails/761509/continental-classics-pasta-sauce-creamy-bacon-carbonara-family-pack
845179,Hart & Soul Spiced Lentil Soup Pouch 400g,$3.80 ,$0.95 / 100G,/shop/productdetails/845179/hart-soul-spiced-lentil-soup-pouch
491355,Sshmallows White Mini Marshmallows 100g,$2.00 ,$2.00 / 100G,/shop/productdetails/491355/sshmallows-white-mini-marshmallows
116460,Barkers Luscious Strawberry Sauce 335g,$4.50 ,$1.34 / 100G,/shop/productdetails/116460/barker-s-luscious-strawberry-sauce
33079,White Wings Self Raising Flour 2kg,$4.50 ,$2.25 / 1KG,/shop/productdetails/33079/white-wings-self-raising-flour
647765,Woolworths Chipotle Seasoning 53g,$3.00 ,$0.57 / 10G,/shop/productdetails/647765/woolworths-chipotle-seasoning
710191,Birch & Waite Greek Lemon Dressing 250ml,,,/shop/productdetails/710191/birch-waite-greek-lemon-dressing
85345,Heinz Plant Proteinz Vegetarian Coconut Pumpkin Chickpea Soup 330g,$2.20 ,$0.67 / 100G,/shop/productdetails/85345/heinz-plant-proteinz-vegetarian-coconut-pumpkin-chickpea-soup
193069,Masterfoods Garlic Herb Seasoning 37g,$3.70 ,$1.00 / 10G,/shop/productdetails/193069/masterfoods-garlic-herb-seasoning
493529,Aunt Betty's Creamy Rice Dessert Natural Vanilla 240g,$2.50 ,$1.04 / 100G,/shop/productdetails/493529/aunt-betty-s-creamy-rice-dessert-natural-vanilla
679127,San Remo Pulse Pasta Red Lentils 250g,$4.50 ,$1.80 / 100G,/shop/productdetails/679127/san-remo-pulse-pasta-red-lentils
3384,Spc Baked Beans Rich Tomato Salt Reduced 140g X 4 Pack,$4.00 ,$0.71 / 100G,/shop/productdetails/3384/spc-baked-beans-rich-tomato-salt-reduced
726369,Woolworths Cranberries 150g,$1.75 ,$11.67 / 1KG,/shop/productdetails/726369/woolworths-cranberries
840785,Dole Premium Tropical Pineapple Slices In Juice 227g,$2.10 ,$9.25 / 1KG,/shop/productdetails/840785/dole-premium-tropical-pineapple-slices-in-juice
27294,Mckenzie's Soup Mix 500g,$1.60 ,$0.32 / 100G,/shop/productdetails/27294/mckenzie-s-soup-mix
756336,Woolworths Mandarin Canned 310g Can,$1.30 ,$4.19 / 1KG,/shop/productdetails/756336/woolworths-mandarin-canned
195100,Annalisa Lentils 400g,$1.90 ,$0.48 / 100G,/shop/productdetails/195100/annalisa-lentils
230941,Continental Classics Pasta & Sauce Macaroni Cheese Serves 2 105g,$2.80 ,$2.43 / 100G,/shop/productdetails/230941/continental-classics-pasta-sauce-macaroni-cheese-serves-2
157600,F. Whitlock & Sons Killer Baked Beans Fuego Chilli 420g,$2.50 ,$0.60 / 100G,/shop/productdetails/157600/f-whitlock-sons-killer-baked-beans-fuego-chilli
98046,Bega Peanut Butter Smooth 470g,$6.40 ,$1.36 / 100G,/shop/productdetails/98046/bega-peanut-butter-smooth
8088,Mckenzie's Lentils Red 375g,$2.30 ,$0.61 / 100G,/shop/productdetails/8088/mckenzie-s-lentils-red
91837,Verity Prunes Large 750g,$6.70 ,$8.93 / 1KG,/shop/productdetails/91837/verity-prunes-large
943285,Riviana Bean Sprouts 200g,$1.75 ,$8.75 / 1KG,/shop/productdetails/943285/riviana-bean-sprouts
707365,Woolworths Dill Fresh Herb 15g,$3.20 ,$2.13 / 10G,/shop/productdetails/707365/woolworths-dill-fresh-herb
55897,Il Molino Polenta Bramata Traditional 500g,$3.30 ,$6.60 / 1KG,/shop/productdetails/55897/il-molino-polenta-bramata-traditional
88125,Sacla Basil Pesto 190g,$5.90 ,$3.11 / 100G,/shop/productdetails/88125/sacla-basil-pesto
830066,Juicy Isle Caramel Topping 375ml,$3.00 ,$0.80 / 100ML,/shop/productdetails/830066/juicy-isle-caramel-topping
99917,Mazzetti Balsamic Vinegar Of Modena 250ml,$3.50 ,$1.40 / 100ML,/shop/productdetails/99917/mazzetti-balsamic-vinegar-of-modena
237418,Cobram Estate Classic Extra Virgin Olive Oil 750ml,$18.00 ,$2.40 / 100ML,/shop/productdetails/237418/cobram-estate-classic-extra-virgin-olive-oil
84958,Sunsol Pro-biotic Almond Cashew & Chia Toasted Muesli 400g,$7.00 ,$1.75 / 100G,/shop/productdetails/84958/sunsol-pro-biotic-almond-cashew-chia-toasted-muesli
781407,Vittoria Organic Coffee Beans Organic 1kg,$44.00 ,$4.40 / 100G,/shop/productdetails/781407/vittoria-organic-coffee-beans-organic
96231,Edgell Australian Sweet Sliced Beetroot 425g,$2.20 ,$5.18 / 1KG,/shop/productdetails/96231/edgell-australian-sweet-sliced-beetroot
234226,Kikkoman Thick Teriyaki Sauce Gluten Free 240g,$3.40 ,$1.42 / 100G,/shop/productdetails/234226/kikkoman-thick-teriyaki-sauce-gluten-free
96731,San Remo La Pasta Creamy Bacon Single Snack 80g,$1.40 ,$1.75 / 100G,/shop/productdetails/96731/san-remo-la-pasta-creamy-bacon-single-snack
720043,Gravox Best Ever Hot Chip Gravy Pouch Liquid Gravy For Chips 165g,$2.80 ,$1.70 / 100G,/shop/productdetails/720043/gravox-best-ever-hot-chip-gravy-pouch-liquid-gravy-for-chips
42980,Twinings Earl Grey Tea Bags 50 Pack,$7.00 ,$0.14 / 1EA,/shop/productdetails/42980/twinings-earl-grey-tea-bags-tea-bags
669980,Woolworths Apple & Peach Puree In Pouch 90g,$0.95 ,$10.56 / 1KG,/shop/productdetails/669980/woolworths-apple-peach-puree-in-pouch
40068,San Remo Fettuccine Pasta 500g,$2.30 ,$0.46 / 100G,/shop/productdetails/40068/san-remo-fettuccine-pasta
263672,Sanitarium So Good Long Life Regular Soy Milk 250ml X3 Pack,$3.60 ,$4.80 / 1L,/shop/productdetails/263672/sanitarium-so-good-long-life-regular-soy-milk
479870,Wokka Ramen Noodles 400g,$2.70 ,$0.68 / 100G,/shop/productdetails/479870/wokka-ramen-noodles
148131,Bushells Black Tea Extra Strong 100 Pack,$4.85 ,$0.05 / 1EA,/shop/productdetails/148131/bushells-black-tea-extra-strong
76191,Chang's Fried Noodles 100g,$1.70 ,$1.70 / 100G,/shop/productdetails/76191/chang-s-fried-noodles
657423,Heinz Beanz Baked Beans English Recipe 555g,$2.80 ,$0.50 / 100G,/shop/productdetails/657423/heinz-beanz-baked-beans-english-recipe
751321,Woolworths Beetroot Sliced 425g,$1.75 ,$4.12 / 1KG,/shop/productdetails/751321/woolworths-beetroot-sliced
701639,Kellogg's Special K Original Breakfast Cereal 300g,$7.00 ,$2.33 / 100G,/shop/productdetails/701639/kelloggs-special-k-original-breakfast-cereal
841055,Woolworths Yummy Rainbow Rings 300g,$2.50 ,$0.83 / 100G,/shop/productdetails/841055/woolworths-yummy-rainbow-rings
89159,Cloverdale Pure Honey Twist & Squeeze 375g,$4.40 ,$1.17 / 100G,/shop/productdetails/89159/cloverdale-pure-honey-twist-squeeze
250311,Kewpie Japanese Mayonnaise 300g,$5.50 ,$1.83 / 100G,/shop/productdetails/250311/kewpie-japanese-mayonnaise
27298,Mckenzie's Dried Veg Pearl Barley 500g,$1.60 ,$0.32 / 100G,/shop/productdetails/27298/mckenzie-s-dried-veg-pearl-barley
524432,Woolworths Black Sliced Olives 430g,$2.00 ,$0.47 / 100G,/shop/productdetails/524432/woolworths-black-sliced-olives
702285,Obento Japanese Tempura Batter 500g,$3.95 ,$0.79 / 100G,/shop/productdetails/702285/obento-japanese-tempura-batter
38640,Leggos Tomato Paste 500g,$4.80 ,$0.96 / 100G,/shop/productdetails/38640/leggo-s-tomato-paste
111359,Mckenzie's Himalayan Pink Rock Salt 410g,$8.50 ,$2.07 / 100G,/shop/productdetails/111359/mckenzie-s-himalayan-pink-rock-salt
820203,Mckenzie's Wholemeal Spelt Flour 300g,$4.00 ,$13.33 / 1KG,/shop/productdetails/820203/mckenzie-s-wholemeal-spelt-flour
761604,Almond Breeze Unsweetened Almond Milk 1l,$3.00 ,$3.00 / 1L,/shop/productdetails/761604/almond-breeze-unsweetened-almond-milk
303731,Amy's Kitchen Organic Vegetable Barley Soup 400g,$3.90 ,$0.98 / 100G,/shop/productdetails/303731/amy-s-kitchen-organic-vegetable-barley-soup
780106,Dole Pineapple Premium Tropical Slices 432g,$2.50 ,$5.79 / 1KG,/shop/productdetails/780106/dole-pineapple-premium-tropical-slices
702238,Natural Whole Black Peppercorns Grinder 180g,$6.50 ,$0.36 / 10G,/shop/productdetails/702238/natural-whole-black-peppercorns-grinder
134181,T2 Detox Tea Bags 10 Pack,$7.00 ,$0.70 / 1EA,/shop/productdetails/134181/t2-detox-tea-bags
34033,Heinz Baked Beans Canned Beans In Tomato Sauce Breakfast 130g,$1.80 ,$1.38 / 100G,/shop/productdetails/34033/heinz-baked-beans-canned-beans-in-tomato-sauce-breakfast
669981,Woolworths Puree In Pouch Apple & Mango 90g,$0.95 ,$10.56 / 1KG,/shop/productdetails/669981/woolworths-puree-in-pouch-apple-mango
226227,Leggos Eat Well Tomato & Basil Pasta Sauce With Prebiotic Fibre 500g,$4.00 ,$0.80 / 100G,/shop/productdetails/226227/leggo-s-eat-well-tomato-basil-pasta-sauce-with-prebiotic-fibre
957588,Leggos Providore Tomato & Onion 400g,$6.00 ,$1.50 / 100G,/shop/productdetails/957588/leggo-s-providore-tomato-onion
490097,Queen Finest Madagascar Vanilla Bean Paste 50g,$9.00 ,$18.00 / 100G,/shop/productdetails/490097/queen-finest-madagascar-vanilla-bean-paste
95915,Stubb's Sticky Sweet Bbq Sauce 510g,$6.50 ,$1.27 / 100G,/shop/productdetails/95915/stubb-s-sticky-sweet-bbq-sauce
230945,Continental Classics Pasta & Sauce Alfredo Serves 2 85g,$2.80 ,$3.29 / 100G,/shop/productdetails/230945/continental-classics-pasta-sauce-alfredo-serves-2
170379,Huy Fong The Original Sriracha Hot Chilli Sauce Mayonnaise 300ml,,,/shop/productdetails/170379/huy-fong-the-original-sriracha-hot-chilli-sauce-mayonnaise
738494,Belvita Honey & Nut Breakfast Biscuits 300g,,,/shop/productdetails/738494/belvita-honey-nut-breakfast-biscuits
284455,Vittoria Mountain Grown Coffee Beans 1kg,$44.00 ,$4.40 / 100G,/shop/productdetails/284455/vittoria-mountain-grown-coffee-beans
46497,Masterfoods Chicken Salt 65g,$3.00 ,$0.46 / 10G,/shop/productdetails/46497/masterfoods-chicken-salt
715921,Belvita Milk & Cereal Breakfast Biscuits 300g,$3.50 ,$1.17 / 100G,/shop/productdetails/715921/belvita-milk-cereal-breakfast-biscuits
793384,Sanitarium So Good Long Life Unsweetened Almond Coconut Milk 1l,$2.90 ,$2.90 / 1L,/shop/productdetails/793384/sanitarium-so-good-long-life-unsweetened-almond-coconut-milk
490090,Nestle Bakers' Choice Milk Choc Bits Value Pack 375g,$6.00 ,$1.60 / 100G,/shop/productdetails/490090/nestle-bakers-choice-milk-choc-bits-value-pack
241332,Supreme Noodles Cup Chicken Flavour 70g,$1.00 ,$1.43 / 100G,/shop/productdetails/241332/supreme-noodles-cup-chicken-flavour
157481,F. Whitlock & Sons Killer Baked Beans Fred's Ballistic Tomato & Basil 420g,$2.50 ,$0.60 / 100G,/shop/productdetails/157481/f-whitlock-sons-killer-baked-beans-fred-s-ballistic-tomato-basil
238371,Heinz Saucy Sauce Mayonnaise Ketchup Mayo Tomato Sauce Blend 295ml,$4.00 ,$1.36 / 100ML,/shop/productdetails/238371/heinz-saucy-sauce-mayonnaise-ketchup-mayo-tomato-sauce-blend
846421,La Zuppa Soup Pouch Spring Veg & Brown Rice 540g,$3.95 ,$0.73 / 100G,/shop/productdetails/846421/la-zuppa-soup-pouch-spring-veg-brown-rice
32760,Masterfoods Garlic Salt 70g,$2.50 ,$0.36 / 10G,/shop/productdetails/32760/masterfoods-garlic-salt
54738,Lakanto Monkfruit Golden Sweetener Replaces Raw Sugar 200g,$8.90 ,$4.45 / 100G,/shop/productdetails/54738/lakanto-monkfruit-golden-sweetener-replaces-raw-sugar
257302,Woolworths Balsamic Vinegar 250ml,$2.40 ,$0.96 / 100ML,/shop/productdetails/257302/woolworths-balsamic-vinegar
241187,Slush Puppie Cola Flavoured Slushy 250ml,$3.50 ,$1.40 / 100ML,/shop/productdetails/241187/slush-puppie-cola-flavoured-slushy
690852,Woolworths Chai Latte Sachets 10 Pack,$3.25 ,$0.33 / 1EA,/shop/productdetails/690852/woolworths-chai-latte-sachets
757795,Green's Brownie Mix Chocolate 380g,$2.50 ,$0.66 / 100G,/shop/productdetails/757795/green-s-brownie-mix-chocolate
702293,Lee Kum Kee Sauce Chicken And Honey Soy 120g,$2.40 ,$2.00 / 100G,/shop/productdetails/702293/lee-kum-kee-sauce-chicken-and-honey-soy
257413,Maggi Gravy Mix Roast Chicken 24g,$1.00 ,$0.42 / 10G,/shop/productdetails/257413/maggi-gravy-mix-roast-chicken
38898,Peck's Devilled Ham Spread 125g,$4.50 ,$3.60 / 100G,/shop/productdetails/38898/peck-s-devilled-ham-spread
420010,Sanitarium Up&go Liquid Breakfast Honeycomb 3 Pack,$5.60 ,$7.47 / 1L,/shop/productdetails/420010/sanitarium-up-go-liquid-breakfast-honeycomb
174910,"Macro Organic Brown Rice, Quinoa & Chia Seeds With Garlic 250g",$2.00 ,$0.80 / 100G,/shop/productdetails/174910/macro-organic-brown-rice-quinoa-chia-seeds-with-garlic
499695,Macro White Quinoa 1kg,$10.00 ,$1.00 / 100G,/shop/productdetails/499695/macro-white-quinoa
345633,Masterfoods Devilled Sausages Recipe Base 175g,$2.80 ,$1.60 / 100G,/shop/productdetails/345633/masterfoods-devilled-sausages-recipe-base
87404,Yeo's Drink Chrysanthemum 6 Pack,$4.00 ,$2.67 / 1L,/shop/productdetails/87404/yeo-s-drink-chrysanthemum
699319,Masterfoods Schnitzel Mix Garlic & Herb 80g,$2.50 ,$0.31 / 10G,/shop/productdetails/699319/masterfoods-schnitzel-mix-garlic-herb
186602,Vittoria Mountain Grown Ground Coffee 1kg,$44.00 ,$4.40 / 100G,/shop/productdetails/186602/vittoria-mountain-grown-ground-coffee
691507,Continental Classics Cheesy Rice Serves 2 125g,$2.80 ,$2.24 / 100G,/shop/productdetails/691507/continental-classics-cheesy-rice-serves-2
61663,Starbucks Nescafe Dolce Gusto Caramel Macchiato Coffee Pods 12 Pack,$10.00 ,$0.83 / 1EA,/shop/productdetails/61663/nescafe-starbucks-nescafe-dolce-gusto-caramel-macchiato-coffee-pods
254784,Woolworths Chocolate Hard Set Topping 220g,$3.55 ,$1.61 / 100G,/shop/productdetails/254784/woolworths-chocolate-hard-set-topping
22078,Leggo's Tomato Paste No Added Salt Triple Concentrate Tub 2x140g,$3.50 ,$1.25 / 100G,/shop/productdetails/22078/leggo-s-tomato-paste-no-added-salt-triple-concentrate-tub
335073,Macro Organic Quinoa 500g,$6.59 ,$1.32 / 100G,/shop/productdetails/335073/macro-organic-quinoa
770057,Woolworths Free From Gluten Plain Flour 750g,$3.60 ,$4.80 / 1KG,/shop/productdetails/770057/woolworths-free-from-gluten-plain-flour
159897,Vittoria Freeze Dried Instant Coffee Classic 100g,$12.50 ,$12.50 / 100G,/shop/productdetails/159897/vittoria-freeze-dried-instant-coffee-classic
97501,Twinings Asha Vanilla Retreat Cinnamon & Camomile Tea Bags 18 Pack,$7.50 ,$0.42 / 1EA,/shop/productdetails/97501/twinings-asha-vanilla-retreat-cinnamon-camomile-tea-bags
92808,Vittoria Decaffeinated Nespresso Compatible Coffee Capsules Pack 10,$5.50 ,$0.55 / 1EA,/shop/productdetails/92808/vittoria-decaffeinated-nespresso-compatible-coffee-capsules
248348,Annalisa Beans Red Kidney 400g,$1.90 ,$0.48 / 100G,/shop/productdetails/248348/annalisa-beans-red-kidney
137595,Sunrice Microwave Brown Rice & Quinoa 450g,$4.00 ,$0.89 / 100G,/shop/productdetails/137595/sunrice-microwave-brown-rice-quinoa
6094,Aeroplane Original Raspberry Flavoured Jelly 85g,$1.10 ,$1.29 / 100G,/shop/productdetails/6094/aeroplane-original-raspberry-flavoured-jelly
98446,Pearl River Bridge Soy Sauce Mushroom 500ml,$2.80 ,$0.56 / 100ML,/shop/productdetails/98446/pearl-river-bridge-soy-sauce-mushroom
852487,Woolworths Apple Puree 4 Pack,$2.20 ,$4.40 / 1KG,/shop/productdetails/852487/woolworths-apple-puree
226906,Nescafe Coffee Sachets Vanilla Latte 10 Pack,$7.60 ,$0.76 / 1EA,/shop/productdetails/226906/nescafe-coffee-sachets-vanilla-latte-latte-vanilla
217153,Sa Gourmet Food Co Classique French Onion Soup 430g,$3.00 ,$0.70 / 100G,/shop/productdetails/217153/sa-gourmet-food-co-classique-french-onion-soup
254792,White Wings Muffin Mix Triple Chocolate 550g,$5.00 ,$0.91 / 100G,/shop/productdetails/254792/white-wings-muffin-mix-triple-chocolate
68345,Macro Organic Wholemeal Penne 500g,$1.65 ,$0.33 / 100G,/shop/productdetails/68345/macro-organic-wholemeal-penne
226908,Nescafe Coffee Sachets Caramel Latte 10 Pack,$7.60 ,$0.76 / 1EA,/shop/productdetails/226908/nescafe-coffee-sachets-caramel-latte-caramel-latte
803610,House Foods Shichimi Togarashi 18g,$3.50 ,$19.44 / 100G,/shop/productdetails/803610/house-foods-shichimi-togarashi
34498,Three Threes Sweet Mustard Pickles 520g,$3.50 ,$6.73 / 1KG,/shop/productdetails/34498/three-threes-sweet-mustard-pickles
30015,Clive Of India Curry Powder 100g,$3.50 ,$0.35 / 10G,/shop/productdetails/30015/clive-of-india-curry-powder
198740,Continental Soup Sensations Mexican Tomato & Corn With Jalapeno 2 Serve 55g,$2.50 ,$4.55 / 100G,/shop/productdetails/198740/continental-soup-sensations-mexican-tomato-corn-with-jalapeno-2-serve
781403,Gourmet Garden Parsley Lightly Dried 8g Sachet,$4.00 ,$5.00 / 10G,/shop/productdetails/781403/gourmet-garden-parsley-lightly-dried
83991,Moro Extra Virgin Olive Oil 1l,$18.00 ,$1.80 / 100ML,/shop/productdetails/83991/moro-extra-virgin-olive-oil
262165,Nerada Organic Camomile Tea Bags 40 Pack,$5.80 ,$0.15 / 1EA,/shop/productdetails/262165/nerada-organic-camomile-tea-bags
109483,Australia's Own A2 Protein Full Cream Uht Milk 1l,$2.50 ,$2.50 / 1L,/shop/productdetails/109483/australia-s-own-a2-protein-full-cream-uht-milk
92130,Ufc Canned Bean Sprouts 410g,$2.70 ,$6.59 / 1KG,/shop/productdetails/92130/ufc-canned-bean-sprouts
5612,Green's Gravy Granules For Roast Meat 120g,$3.00 ,$0.25 / 10G,/shop/productdetails/5612/green-s-gravy-granules-for-roast-meat
765407,Sunrice Brown Rice Steamed Organic 250g,$3.50 ,$1.40 / 100G,/shop/productdetails/765407/sunrice-brown-rice-steamed-organic
247368,Lucky Natural Seed Mix With Pine Nuts 200g,$4.00 ,$20.00 / 1KG,/shop/productdetails/247368/lucky-natural-seed-mix-with-pine-nuts
700721,San Remo La Pasta Macaroni Cheese 160g,$2.50 ,$1.56 / 100G,/shop/productdetails/700721/san-remo-la-pasta-macaroni-cheese
123908,Suthera Thai Coconut Roll Strawberry 70g,,,/shop/productdetails/123908/suthera-thai-coconut-roll-strawberry
78476,Vittoria Coffee Beans Special Italian Blend 1kg,$24.00 ,$2.40 / 100G,/shop/productdetails/78476/vittoria-coffee-beans-special-italian-blend
75202,Mckenzie's Pepper White Ground 100g,$4.20 ,$0.42 / 10G,/shop/productdetails/75202/mckenzie-s-pepper-white-ground
708688,White Wings Cupcake Mix Red Velvet 365g,$5.00 ,$1.37 / 100G,/shop/productdetails/708688/white-wings-cupcake-mix-red-velvet
852488,Woolworths Apple & Strawberry Puree 4 Pack,$2.20 ,$4.40 / 1KG,/shop/productdetails/852488/woolworths-apple-strawberry-puree
105602,Lakanto Monkfruit Baking Blend Replaces Caster Sugar 200g,$9.95 ,$4.98 / 100G,/shop/productdetails/105602/lakanto-monkfruit-baking-blend-replaces-caster-sugar
48736,Fantastic Oriental Noodle Cup 70g,$0.97 ,$1.39 / 100G,/shop/productdetails/48736/fantastic-oriental-noodle-cup
119883,Sanitarium Up&go Dairy Free Liquid Breakfast Choc Ice 3 Pack,$5.60 ,$7.47 / 1L,/shop/productdetails/119883/sanitarium-up-go-dairy-free-liquid-breakfast-choc-ice
78826,Sanitarium Up&go Liquid Breakfast No Added Sugar Choc Ice 3x250ml,$5.60 ,$7.47 / 1L,/shop/productdetails/78826/sanitarium-up-go-liquid-breakfast-no-added-sugar-choc-ice
44751,Masterfoods Roast Chicken Seasoning 41g,$4.20 ,$1.02 / 10G,/shop/productdetails/44751/masterfoods-roast-chicken-seasoning
700692,San Remo La Pasta Alfredo 160g,$2.50 ,$1.56 / 100G,/shop/productdetails/700692/san-remo-la-pasta-alfredo
222325,Sharwood's Simmer Sauce Butter Chicken 420g,$5.00 ,$1.19 / 100G,/shop/productdetails/222325/sharwood-s-simmer-sauce-butter-chicken
770058,Woolworths Free From Gluten Self Raising Flour 750g,$3.60 ,$4.80 / 1KG,/shop/productdetails/770058/woolworths-free-from-gluten-self-raising-flour
707225,Natvia Sweetener Tablets 100% Natural 200 Pack,$5.50 ,$2.75 / 100EA,/shop/productdetails/707225/natvia-sweetener-tablets-100-natural
765693,Sunrice Gluten Free Rice And Quinoa 750g,$3.50 ,$0.47 / 100G,/shop/productdetails/765693/sunrice-gluten-free-rice-and-quinoa
129036,Woolworths Smoked Sprats In Oil With Chilli 120g,$3.00 ,$25.00 / 1KG,/shop/productdetails/129036/woolworths-smoked-sprats-in-oil-with-chilli
274307,Praise Dressings Coleslaw 330ml,$3.00 ,$0.91 / 100ML,/shop/productdetails/274307/praise-dressings-coleslaw
138598,Plenty Cold Pressed Truffle Oil 250ml,$6.40 ,$2.56 / 100ML,/shop/productdetails/138598/plenty-cold-pressed-truffle-oil
41856,Russino Anchovies Flat 80g,$4.60 ,$57.50 / 1KG,/shop/productdetails/41856/russino-anchovies-flat
454608,White Wings Vanilla Cake Mix 510g,$5.00 ,$0.98 / 100G,/shop/productdetails/454608/white-wings-vanilla-cake-mix
710194,Birch & Waite Creamy Caesar Dressing 250ml,,,/shop/productdetails/710194/birch-waite-creamy-caesar-dressing
137364,Cottee's Instant Vanilla Pudding 100g,$1.80 ,$1.80 / 100G,/shop/productdetails/137364/cottee-s-instant-vanilla-pudding-vanilla
94375,Leggos Pesto Traditional Basil 190g,$5.30 ,$2.79 / 100G,/shop/productdetails/94375/leggo-s-pesto-traditional-basil
96607,San Remo La Pasta Chicken Curry Single Snack 80g,$1.40 ,$1.75 / 100G,/shop/productdetails/96607/san-remo-la-pasta-chicken-curry-single-snack
726133,Aunt Betty's Gooey Caramel Steamy Puds 2x95g,$4.90 ,$2.58 / 100G,/shop/productdetails/726133/aunt-betty-s-gooey-caramel-steamy-puds
805219,Awona Shiitake Mushrooms Can 425g,$2.75 ,$6.47 / 1KG,/shop/productdetails/805219/awona-shiitake-mushrooms-can
279821,Hoyts Star Anise Whole 12g,$2.60 ,$2.17 / 10G,/shop/productdetails/279821/hoyts-star-anise-whole
33599,Kraft Grated Parmesan Cheese Cheese 125g,$5.00 ,$40.00 / 1KG,/shop/productdetails/33599/kraft-grated-parmesan-cheese-cheese
31129,Uncle Tobys Oats Quick Oats Porridge Porridge 500g,$4.00 ,$0.80 / 100G,/shop/productdetails/31129/uncle-tobys-oats-quick-oats-porridge-porridge
198091,La Zuppa Soup Pouch Chicken & Sweetcorn 500g,$3.95 ,$0.79 / 100G,/shop/productdetails/198091/la-zuppa-soup-pouch-chicken-sweetcorn
815751,Second House Lebanese Zaatar 500g,$9.50 ,$1.90 / 100G,/shop/productdetails/815751/second-house-lebanese-zaatar
102670,Alishaan Super Basmati Rice 5kg,$30.00 ,$0.60 / 100G,/shop/productdetails/102670/alishaan-super-basmati-rice
140879,White Wings Cinnamon Scrolls With Glaze 508g,$6.00 ,$1.18 / 100G,/shop/productdetails/140879/white-wings-cinnamon-scrolls-with-glaze
312737,Praise Dressings Balsamic 330ml,$3.00 ,$0.91 / 100ML,/shop/productdetails/312737/praise-dressings-balsamic
592203,Golden Circle Blended Fruit Puree Tropical Smash Lunch Box Pouch 120g,$1.80 ,$15.00 / 1KG,/shop/productdetails/592203/golden-circle-blended-fruit-puree-tropical-smash-lunch-box-pouch
203766,Heinz Soup Of The Day Sweet Potato With Smokey Chorizo & Chilli 430g,$4.50 ,$1.05 / 100G,/shop/productdetails/203766/heinz-soup-of-the-day-sweet-potato-with-smokey-chorizo-chilli
750736,Woolworths Canola Oil 750ml,$3.95 ,$0.53 / 100ML,/shop/productdetails/750736/woolworths-canola-oil
32687,Sunbeam Australian Lexia Raisins 375g,$5.50 ,$14.67 / 1KG,/shop/productdetails/32687/sunbeam-australian-lexia-raisins
307724,Valcom Paste Yellow Curry 230g,$3.80 ,$1.65 / 100G,/shop/productdetails/307724/valcom-paste-yellow-curry
657431,Heinz Beanz Baked Beans In Bbq Sauce Barbecue Beans 555g,$2.80 ,$0.50 / 100G,/shop/productdetails/657431/heinz-beanz-baked-beans-in-bbq-sauce-barbecue-beans
234605,Mr Chen's Soy Sauce Reduced Salt 250ml,$2.85 ,$1.14 / 100ML,/shop/productdetails/234605/mr-chen-s-soy-sauce-reduced-salt
250990,Woolworths Ground Cardamom 24g,$2.00 ,$0.83 / 10G,/shop/productdetails/250990/woolworths-ground-cardamom
105819,Woolworths Mexican Style Rice 250g,$2.75 ,$1.10 / 100G,/shop/productdetails/105819/woolworths-mexican-style-rice
321598,Cobram Estate Extra Light & Delicate Olive Oil Spray 225g,$6.50 ,$2.89 / 100G,/shop/productdetails/321598/cobram-estate-extra-light-delicate-olive-oil-spray
5306,Dilmah Ceylon Tea Bags 50 Pack,$3.10 ,$0.06 / 1EA,/shop/productdetails/5306/dilmah-ceylon-tea-bags
36957,Leggo's Sandwich Pickles Sweet Mustard Spreadable 250g,$2.50 ,$10.00 / 1KG,/shop/productdetails/36957/leggo-s-sandwich-pickles-sweet-mustard-spreadable
591707,Spc Diced Apricots In Juice Fruit Cups 4 X 120g,$4.50 ,$9.38 / 1KG,/shop/productdetails/591707/spc-diced-apricots-in-juice-fruit-cups
257305,Woolworths Vinegar Balsamic Glaze 215ml,$4.00 ,$1.86 / 100ML,/shop/productdetails/257305/woolworths-vinegar-balsamic-glaze
165155,Squeaky Gate Classic Balsamic Vinegar 500ml,$6.50 ,$1.30 / 100ML,/shop/productdetails/165155/squeaky-gate-classic-balsamic-vinegar
128898,Praise Traditional Creamy Mayonnaise 365g,$4.00 ,$1.10 / 100G,/shop/productdetails/128898/praise-traditional-creamy-mayonnaise
260099,Pureharvest Organic Almond Milk 1l,$2.00 ,$2.00 / 1L,/shop/productdetails/260099/pureharvest-organic-almond-milk
226497,The Food Company Garlic Chopped 375g,$4.99 ,$0.13 / 10G,/shop/productdetails/226497/the-food-company-garlic-chopped
95185,Higher Living Peppermint & Licorice Tea 15 Pack,$4.40 ,$0.29 / 1EA,/shop/productdetails/95185/higher-living-peppermint-licorice-tea
189561,Sunsol Low Sugar Almond Superseed & Dark Choc Muesli 400g,$7.00 ,$1.75 / 100G,/shop/productdetails/189561/sunsol-low-sugar-almond-superseed-dark-choc-muesli
35462,Three Threes Gherkins Sweet Spiced 540g,$4.00 ,$7.41 / 1KG,/shop/productdetails/35462/three-threes-gherkins-sweet-spiced
62034,Woolworths Blended Vegetable Oil 4l,$14.50 ,$0.36 / 100ML,/shop/productdetails/62034/woolworths-blended-vegetable-oil
146359,Barilla Napoletana Pasta Sauce 400g,$4.60 ,$1.15 / 100G,/shop/productdetails/146359/barilla-napoletana-pasta-sauce-napoletana
779889,Sanitarium Up&go Liquid Breakfast Caramel 12 Pack,$15.80 ,$5.27 / 1L,/shop/productdetails/779889/sanitarium-up-go-liquid-breakfast-caramel
250036,Dilmah Extra Strength Tea Bags 200 Pack,$12.50 ,$0.06 / 1EA,/shop/productdetails/250036/dilmah-extra-strength-tea-bags
195750,San Remo Fettuccine Curly Pasta No 80 500g,$2.30 ,$0.46 / 100G,/shop/productdetails/195750/san-remo-fettuccine-curly-pasta-no-80
224381,Freedom Classic Rice Puffs Cereal 250g,$5.00 ,$2.00 / 100G,/shop/productdetails/224381/freedom-classic-rice-puffs-cereal
62062,Woolworths Australian Canola Oil 4l,$14.50 ,$0.36 / 100ML,/shop/productdetails/62062/woolworths-australian-canola-oil
791179,Woolworths Mushrooms In Butter Sauce 400g,$2.90 ,$7.25 / 1KG,/shop/productdetails/791179/woolworths-mushrooms-in-butter-sauce
862909,Tcc Coconut Cream 400ml,$2.90 ,$0.73 / 100G,/shop/productdetails/862909/tcc-coconut-cream
766211,John West Anchovies 45g,$3.20 ,$71.11 / 1KG,/shop/productdetails/766211/john-west-anchovies
35546,Masterfoods Chinese 5 Spice 30g,$3.20 ,$1.07 / 10G,/shop/productdetails/35546/masterfoods-chinese-5-spice
180260,Sandhurst Olives Kalamata Pitted 500g,$5.20 ,$10.40 / 1KG,/shop/productdetails/180260/sandhurst-olives-kalamata-pitted
226497,The Food Company Garlic Chopped 375g,$4.99 ,$0.13 / 10G,/shop/productdetails/226497/the-food-company-garlic-chopped
95185,Higher Living Peppermint & Licorice Tea 15 Pack,$4.40 ,$0.29 / 1EA,/shop/productdetails/95185/higher-living-peppermint-licorice-tea
189561,Sunsol Low Sugar Almond Superseed & Dark Choc Muesli 400g,$7.00 ,$1.75 / 100G,/shop/productdetails/189561/sunsol-low-sugar-almond-superseed-dark-choc-muesli
35462,Three Threes Gherkins Sweet Spiced 540g,$4.00 ,$7.41 / 1KG,/shop/productdetails/35462/three-threes-gherkins-sweet-spiced
62034,Woolworths Blended Vegetable Oil 4l,$14.50 ,$0.36 / 100ML,/shop/productdetails/62034/woolworths-blended-vegetable-oil
146359,Barilla Napoletana Pasta Sauce 400g,$4.60 ,$1.15 / 100G,/shop/productdetails/146359/barilla-napoletana-pasta-sauce-napoletana
779889,Sanitarium Up&go Liquid Breakfast Caramel 12 Pack,$15.80 ,$5.27 / 1L,/shop/productdetails/779889/sanitarium-up-go-liquid-breakfast-caramel
250036,Dilmah Extra Strength Tea Bags 200 Pack,$12.50 ,$0.06 / 1EA,/shop/productdetails/250036/dilmah-extra-strength-tea-bags
195750,San Remo Fettuccine Curly Pasta No 80 500g,$2.30 ,$0.46 / 100G,/shop/productdetails/195750/san-remo-fettuccine-curly-pasta-no-80
224381,Freedom Classic Rice Puffs Cereal 250g,$5.00 ,$2.00 / 100G,/shop/productdetails/224381/freedom-classic-rice-puffs-cereal
62062,Woolworths Australian Canola Oil 4l,$14.50 ,$0.36 / 100ML,/shop/productdetails/62062/woolworths-australian-canola-oil
791179,Woolworths Mushrooms In Butter Sauce 400g,$2.90 ,$7.25 / 1KG,/shop/productdetails/791179/woolworths-mushrooms-in-butter-sauce
862909,Tcc Coconut Cream 400ml,$2.90 ,$0.73 / 100G,/shop/productdetails/862909/tcc-coconut-cream
766211,John West Anchovies 45g,$3.20 ,$71.11 / 1KG,/shop/productdetails/766211/john-west-anchovies
35546,Masterfoods Chinese 5 Spice 30g,$3.20 ,$1.07 / 10G,/shop/productdetails/35546/masterfoods-chinese-5-spice
684033,Macro Organic Light Coconut Milk 400ml,$2.10 ,$0.53 / 100ML,/shop/productdetails/684033/macro-organic-light-coconut-milk
104423,Spc Less Sugar Diced Fruit Salad In Juice Fruit Cups 4 X 120g,$4.50 ,$9.38 / 1KG,/shop/productdetails/104423/spc-less-sugar-diced-fruit-salad-in-juice-fruit-cups
250995,Woolworths Chilli Ground 30g,$2.20 ,$0.73 / 10G,/shop/productdetails/250995/woolworths-chilli-ground
659256,Csr Dark Muscovado Sugar 250g,$4.00 ,$1.60 / 100G,/shop/productdetails/659256/csr-dark-muscovado-sugar
761526,Continental Classics Pasta & Sauce Alfredo Family Pack 145g,$3.50 ,$2.41 / 100G,/shop/productdetails/761526/continental-classics-pasta-sauce-alfredo-family-pack
198504,Gardener Apricot Jam 450g,$2.30 ,$0.51 / 100G,/shop/productdetails/198504/gardener-apricot-jam
728206,Higher Living Licorice Tea Bags 15 Pack,$4.40 ,$0.29 / 1EA,/shop/productdetails/728206/higher-living-licorice-tea-bags
347092,White Wings Cake Mix Rich Chocolate Cake 535g,$5.00 ,$0.93 / 100G,/shop/productdetails/347092/white-wings-cake-mix-rich-chocolate-cake
210717,Hakubaku Japanese Ramen Noodle 270g,$4.00 ,$1.48 / 100G,/shop/productdetails/210717/hakubaku-japanese-ramen-noodle
183695,Rice A Riso Flavoured Rice Chicken 180g,$2.20 ,$1.22 / 100G,/shop/productdetails/183695/rice-a-riso-flavoured-rice-chicken
159329,Heinz Tortellini Three Cheese Pasta With Creamy Mushroom & Bacon 350g,$5.30 ,$1.51 / 100G,/shop/productdetails/159329/heinz-tortellini-three-cheese-pasta-with-creamy-mushroom-bacon
781030,Mayver's Smooth Peanut Butter 375g,$4.60 ,$1.23 / 100G,/shop/productdetails/781030/mayver-s-smooth-peanut-butter
576098,Queen Finest Vanilla Bean Pods 4g,$8.00 ,$20.00 / 10G,/shop/productdetails/576098/queen-finest-vanilla-bean-pods
827627,Uncle Tobys Cereal Plus Fibre 775g,$7.00 ,$0.90 / 100G,/shop/productdetails/827627/uncle-tobys-cereal-plus-fibre
674685,Belvita Cranberry & Sultana Soft Bake Biscuits 200g,$4.50 ,$2.25 / 100G,/shop/productdetails/674685/belvita-cranberry-sultana-soft-bake-biscuits
706450,Gourmet Garden Garlic Cold Blended Paste Tube 120g,$5.00 ,$0.42 / 10G,/shop/productdetails/706450/gourmet-garden-garlic-cold-blended-paste-tube
663585,Macro Organic 3 Bean Mix No Added Salt 420g,$1.50 ,$0.36 / 100G,/shop/productdetails/663585/macro-organic-3-bean-mix-no-added-salt
829005,Cadbury Baking Milk Chocolate Melts 225g,$3.50 ,$1.56 / 100G,/shop/productdetails/829005/cadbury-baking-milk-chocolate-melts
957594,Leggos Providore Tomato & Chilli 400g,$6.00 ,$1.50 / 100G,/shop/productdetails/957594/leggo-s-providore-tomato-chilli
180260,Sandhurst Olives Kalamata Pitted 500g,$5.20 ,$10.40 / 1KG,/shop/productdetails/180260/sandhurst-olives-kalamata-pitted
61662,Starbucks Nescafe Dolce Gusto Cappuccino Coffee Pods 6 Pack,$10.00 ,$0.83 / 1EA,/shop/productdetails/61662/nescafe-starbucks-nescafe-dolce-gusto-cappuccino-coffee-pods
32179,Vittoria Italian Ground 200g,$5.50 ,$2.75 / 100G,/shop/productdetails/32179/vittoria-italian-ground
657432,Heinz Beanz Baked Beans In Ham Sauce 555g,$2.80 ,$0.50 / 100G,/shop/productdetails/657432/heinz-beanz-baked-beans-in-ham-sauce-ham-sauce
201339,"La Zuppa Soup Pouch Tomato, Capsicum & Basil 500g",$3.95 ,$0.79 / 100G,/shop/productdetails/201339/la-zuppa-soup-pouch-tomato-capsicum-basil
212816,Nestle Coffee Mate Coffee Flavouring Whitener 400g,$4.50 ,$1.13 / 100G,/shop/productdetails/212816/nestle-coffee-mate-coffee-flavouring-whitener
194994,Taylor's Simmer Sauce Kashmiri Butter Chicken 485g,$4.80 ,$0.99 / 100G,/shop/productdetails/194994/taylor-s-simmer-sauce-kashmiri-butter-chicken
73073,Woolworths Peanut Oil 750ml,$6.00 ,$0.80 / 100ML,/shop/productdetails/73073/woolworths-peanut-oil
205293,Always Fresh Garlic Minced Jar 400g,$4.50 ,$0.11 / 10G,/shop/productdetails/205293/always-fresh-garlic-minced-jar
656962,Kan Tong Honey Soy & Garlic Meal Base Pouch 175g,$3.50 ,$2.00 / 100G,/shop/productdetails/656962/kan-tong-honey-soy-garlic-meal-base-pouch
70433,Macro Organic Pinto Beans 420g,$1.50 ,$0.36 / 100G,/shop/productdetails/70433/macro-organic-pinto-beans
186114,Passage To India Simmer Sauce Butter Chicken 375g,$5.70 ,$1.52 / 100G,/shop/productdetails/186114/passage-to-india-simmer-sauce-butter-chicken
361582,Woolworths Vanilla Flavoured Waffle Cones 12 Pack,$3.50 ,$2.06 / 100G,/shop/productdetails/361582/woolworths-vanilla-flavoured-waffle-cones
754498,Aeroplane Ready To Eat Jelly Cup Snack Strawberry Flavour 120g,$1.40 ,$1.17 / 100G,/shop/productdetails/754498/aeroplane-ready-to-eat-jelly-cup-snack-strawberry-flavour
150664,Leggo's Providore D'italia Sugo Basilico Pasta Sauce 400g,$6.00 ,$1.50 / 100G,/shop/productdetails/150664/leggo-s-providore-d-italia-sugo-basilico-pasta-sauce
30475,Liddells Low Fat Long Life Milk Lactose Free 1l,$3.00 ,$3.00 / 1L,/shop/productdetails/30475/liddells-low-fat-long-life-milk-lactose-free
250055,Twinings Green Tea & Lemon Tea Bags 50 Pack,$7.00 ,$0.14 / 1EA,/shop/productdetails/250055/twinings-green-tea-lemon-tea-bags-tea-bags
205551,Green's Cake Mix Traditional Vanilla 470g,$2.50 ,$0.53 / 100G,/shop/productdetails/205551/green-s-cake-mix-traditional-vanilla
299503,Nescafe Original Choc Mocha Coffee Tim Tam 8 Pack,$5.50 ,$0.69 / 1EA,/shop/productdetails/299503/nescafe-original-choc-mocha-coffee-tim-tam
847211,Spc Whole Prunes In Juice Canned Fruit 425g,$3.50 ,$8.24 / 1KG,/shop/productdetails/847211/spc-whole-prunes-in-juice-canned-fruit
34107,Edgell Sliced Mushrooms In Butter Sauce 220g,$2.40 ,$10.91 / 1KG,/shop/productdetails/34107/edgell-sliced-mushrooms-in-butter-sauce
81718,Mutti Passata Gastronomia Cherry Tomatoes 400g,$3.20 ,$0.80 / 100G,/shop/productdetails/81718/mutti-passata-gastronomia-cherry-tomatoes
212343,Praise Dressings Italian Original 330ml,$3.00 ,$0.91 / 100ML,/shop/productdetails/212343/praise-dressings-italian-original
119963,Sanitarium Up&go No Added Sugar Liquid Breakfast Vanilla Ice 12 Pack,$15.80 ,$5.27 / 1L,/shop/productdetails/119963/sanitarium-up-go-no-added-sugar-liquid-breakfast-vanilla-ice
701901,Uncle Tobys Cereal Plus Protein 410g,$6.50 ,$1.59 / 100G,/shop/productdetails/701901/uncle-tobys-cereal-plus-protein
246590,Maggi Chicken Flavour Cup Instant Noodles 4 Pack,$8.00 ,$3.33 / 100G,/shop/productdetails/246590/maggi-chicken-flavour-cup-instant-noodles
99484,Squid Brand Fish Sauce 300ml,$2.85 ,$0.95 / 100ML,/shop/productdetails/99484/squid-brand-fish-sauce
230952,The Healthy Baker Self Raising Flour Easy Store 1kg,$3.25 ,$3.25 / 1KG,/shop/productdetails/230952/the-healthy-baker-self-raising-flour-easy-store
87845,Kellogg's Pop Tarts Frosted Chocotastic Toaster Pastries 384g,$5.60 ,$1.46 / 100G,/shop/productdetails/87845/kelloggs-pop-tarts-frosted-chocotastic-toaster-pastries
237381,Nice & Natural Thick Shake Bars Strawberry Flavour 6 Pack,$5.00 ,$4.17 / 100G,/shop/productdetails/237381/nice-natural-thick-shake-bars-strawberry-flavour
290298,Sunrice Risotto Style Rice 750g,$3.00 ,$0.40 / 100G,/shop/productdetails/290298/sunrice-risotto-style-rice
732240,Edgell Beans Cannellini 400g,$1.70 ,$0.43 / 100G,/shop/productdetails/732240/edgell-beans-cannellini
222989,Gravox Roast Meat With Red Wine & Garlic Liquid Gravy Pouch 165g,$2.80 ,$1.70 / 100G,/shop/productdetails/222989/gravox-roast-meat-with-red-wine-garlic-liquid-gravy-pouch
82554,Hart & Soul Vegetable Broth Soup 350g,$4.50 ,$1.29 / 100G,/shop/productdetails/82554/hart-soul-vegetable-broth-soup
581135,Nando's Lemon & Herb Rub Spice Seasoning 25g,$3.40 ,$1.36 / 10G,/shop/productdetails/581135/nando-s-lemon-herb-rub-spice-seasoning
930181,Edgell Nourish Bowl Spiced Lentil Salad Chickpeas & Brown Rice 200g,$4.00 ,$20.00 / 1KG,/shop/productdetails/930181/edgell-nourish-bowl-spiced-lentil-salad-chickpeas-brown-rice
125623,Pandaroo Thai Rice Noodles 200g,$2.10 ,$1.05 / 100G,/shop/productdetails/125623/pandaroo-thai-rice-noodles
34935,Peck's Salmon & Lobster Spread 125g,$4.50 ,$3.60 / 100G,/shop/productdetails/34935/peck-s-salmon-lobster-spread
108124,Whole Earth Monk Fruit Sweetener Sticks 40 Pack,$3.90 ,$9.75 / 100EA,/shop/productdetails/108124/whole-earth-monk-fruit-sweetener-sticks
260783,Kraft Easy Mac & Cheese Macaroni Pasta Classic Cheese Bowl 73g,$2.50 ,$3.42 / 100G,/shop/productdetails/260783/kraft-easy-mac-cheese-macaroni-pasta-classic-cheese-bowl
744522,Woolworths Two Fruits In Juice Cups 4 Pack,$2.20 ,$4.40 / 1KG,/shop/productdetails/744522/woolworths-two-fruits-in-juice-cups
209676,Birch & Waite Lime Chipotle Dressing & Sauce 250ml,$6.00 ,$2.40 / 100ML,/shop/productdetails/209676/birch-waite-lime-chipotle-dressing-sauce
159028,Heinz Tortellini Three Cheese Pasta With Creamy Pumpkin & Garlic 350g,$5.30 ,$1.51 / 100G,/shop/productdetails/159028/heinz-tortellini-three-cheese-pasta-with-creamy-pumpkin-garlic
95262,Essentials Cake Mix Chocolate 340g,$0.90 ,$0.26 / 100G,/shop/productdetails/95262/essentials-cake-mix-chocolate
680702,Leggo's Pasta Bake With Three Cheese Sauce 500g,$4.00 ,$0.80 / 100G,/shop/productdetails/680702/leggo-s-pasta-bake-with-three-cheese-sauce
159547,T2 Wakey Wakey Tea Bags 10 Pack,$7.00 ,$0.70 / 1EA,/shop/productdetails/159547/t2-wakey-wakey-tea-bags
251009,Woolworths Dill 10g,$2.00 ,$2.00 / 10G,/shop/productdetails/251009/woolworths-dill
929634,Always Fresh Medi Anchovy Fillets 100g,$5.50 ,$55.00 / 1KG,/shop/productdetails/929634/always-fresh-medi-anchovy-fillets
238063,Sirena Napoli Style Pasta With Tuna 170g,$4.30 ,$25.29 / 1KG,/shop/productdetails/238063/sirena-napoli-style-pasta-with-tuna
303727,Amy's Kitchen Soup Split Pea 400g,$3.90 ,$0.98 / 100G,/shop/productdetails/303727/amy-s-kitchen-soup-split-pea
758316,"Dolmio Extra Tomato, Onion & Garlic Salt Reduced Pasta Sauce 500g",$3.50 ,$0.70 / 100G,/shop/productdetails/758316/dolmio-extra-tomato-onion-garlic-salt-reduced-pasta-sauce
248659,Mutti Pizza Sauce Classica 280g,$3.50 ,$1.25 / 100G,/shop/productdetails/248659/mutti-pizza-sauce-classica
635764,Praise Deli Style Honey Dijon 250ml,$2.50 ,$1.00 / 100ML,/shop/productdetails/635764/praise-deli-style-honey-dijon
726352,Woolworths Cashews 150g,$3.70 ,$24.67 / 1KG,/shop/productdetails/726352/woolworths-cashews
155190,Califia Farms Oat Barista Blend Uht Milk 1l,$4.90 ,$4.90 / 1L,/shop/productdetails/155190/califia-farms-oat-barista-blend-uht-milk
732217,Edgell Canned Butter Beans Picked And Soaked Legumes 400g,$1.70 ,$0.43 / 100G,/shop/productdetails/732217/edgell-canned-butter-beans-picked-and-soaked-legumes
82416,Hart & Soul Beef Bone Broth Soup 350g,$4.50 ,$1.29 / 100G,/shop/productdetails/82416/hart-soul-beef-bone-broth-soup
532770,Kellogg's Corn Flakes Breakfast Cereal 450g,$5.90 ,$1.31 / 100G,/shop/productdetails/532770/kelloggs-corn-flakes-breakfast-cereal
782304,La Zuppa Soup Pouch Thai Style Chicken & Coconut 540g,$3.95 ,$0.73 / 100G,/shop/productdetails/782304/la-zuppa-soup-pouch-thai-style-chicken-coconut
856815,Leggo's Passata Cooking Sauce Rustic Thick & Chunky 700g,$4.00 ,$0.57 / 100G,/shop/productdetails/856815/leggo-s-passata-cooking-sauce-rustic-thick-chunky
251120,Woolworths Mixed Herbs Dried 12g,$2.40 ,$2.00 / 10G,/shop/productdetails/251120/woolworths-mixed-herbs-dried
966533,Edgell Corn Kernels 300g,$1.70 ,$5.67 / 1KG,/shop/productdetails/966533/edgell-corn-kernels
223975,Freedom Classic Xo Cocoa Crunch Cereal 360g,$6.80 ,$1.89 / 100G,/shop/productdetails/223975/freedom-classic-xo-cocoa-crunch-cereal-32-whole-grain
682304,White Wings Donut Bites 250g,$5.00 ,$2.00 / 100G,/shop/productdetails/682304/white-wings-donut-bites
764856,Masterfoods Honey Mustard Chicken Simmer Sauce 505g,$4.50 ,$0.89 / 100G,/shop/productdetails/764856/masterfoods-honey-mustard-chicken-simmer-sauce
169423,Calbee Harvest Snaps Tasty Toppers Dijon Flavour 60g,$3.30 ,$5.50 / 100G,/shop/productdetails/169423/calbee-harvest-snaps-tasty-toppers-dijon-flavour
57056,Hoyts Paprika Sweet 190g,$4.60 ,$0.24 / 10G,/shop/productdetails/57056/hoyts-paprika-sweet
686564,Ssm Uht Natural Coconut Cream 200ml,$1.55 ,$0.78 / 100ML,/shop/productdetails/686564/ssm-uht-natural-coconut-cream
435300,"Carman's Honey, Vanilla & Cinnamon Gourmet Porridge Sachets 320g",,,/shop/productdetails/435300/carman-s-honey-vanilla-cinnamon-gourmet-porridge-sachets
143186,Lakanto Monkfruit Classic Sweetener Replaces White Sugar 500g,$16.00 ,$3.20 / 100G,/shop/productdetails/143186/lakanto-monkfruit-classic-sweetener-replaces-white-sugar
6089,Aeroplane Original Strawberry Flavoured Jelly 85g,$1.10 ,$1.29 / 100G,/shop/productdetails/6089/aeroplane-original-strawberry-flavoured-jelly
3927,Maharajah's Choice Plain Pappadam 100g,$2.00 ,$2.00 / 100G,/shop/productdetails/3927/maharajah-s-choice-plain-pappadam-pappadams
241095,Slush Puppie Bubblegum Flavoured Slushy 250ml,$3.50 ,$1.40 / 100ML,/shop/productdetails/241095/slush-puppie-bubblegum-flavoured-slushy
16485,Vittoria Decaffeinated Ground Coffee Espresso 200g,$12.00 ,$6.00 / 100G,/shop/productdetails/16485/vittoria-decaffeinated-ground-coffee-espresso
707364,Woolworths Green Basil Fresh Herb 15g Punnet,$3.20 ,$2.13 / 10G,/shop/productdetails/707364/woolworths-green-basil-fresh-herb
168908,Arnott's Gluten Free Choc Ripple Plain Biscuits 150g,$4.70 ,$3.13 / 100G,/shop/productdetails/168908/arnott-s-gluten-free-choc-ripple-plain-biscuits
33281,Keen's Traditional Curry Powder 120g,$5.50 ,$0.46 / 10G,/shop/productdetails/33281/keens-traditional-curry-powder
320994,Mckenzie's Pepper Black Whole 200g,$5.55 ,$0.28 / 10G,/shop/productdetails/320994/mckenzie-s-pepper-black-whole
750739,Woolworths Canola Oil 2l,$7.40 ,$0.37 / 100ML,/shop/productdetails/750739/woolworths-canola-oil
204323,Uncle Tobys Plus Antioxidant Breakfast Cereal 1.22kg,$9.50 ,$0.78 / 100G,/shop/productdetails/204323/uncle-tobys-plus-antioxidant-breakfast-cereal
205512,Woolworths Peach Slices In Juice 700g,$3.65 ,$5.21 / 1KG,/shop/productdetails/205512/woolworths-peach-slices-in-juice
79923,Continental Recipe Base Spaghetti Bolognese 50g,$1.80 ,$3.60 / 100G,/shop/productdetails/79923/continental-recipe-base-spaghetti-bolognese
65702,Madura English Breakfast Tea Bags 50 Pack 100g,$5.45 ,$0.11 / 1EA,/shop/productdetails/65702/madura-english-breakfast-tea-bags
207095,Uncle Tobys Cheerios Breakfast Cereal 960g,$8.50 ,$0.89 / 100G,/shop/productdetails/207095/uncle-tobys-cheerios-breakfast-cereal
830230,Hot Kids Rice Snacks Want Want Senbei 112g,$4.50 ,$4.02 / 100G,/shop/productdetails/830230/hot-kids-rice-snacks-want-want-senbei
158948,Heinz Mexican Chilli Beanz Beans Medium Canned Beans 420g,$2.50 ,$0.60 / 100G,/shop/productdetails/158948/heinz-mexican-chilli-beanz-beans-medium-canned-beans
63925,Passage To Asia Chinese Hoisin Stir Fry Sauce 200g,$3.50 ,$1.75 / 100G,/shop/productdetails/63925/passage-to-asia-chinese-hoisin-stir-fry-sauce
682519,S&b Curry Mix Golden Medium Hot 92g,$5.00 ,$5.43 / 100G,/shop/productdetails/682519/s-b-curry-mix-golden-medium-hot
205513,Woolworths Pear Slices In Juice 700g,$3.50 ,$5.00 / 1KG,/shop/productdetails/205513/woolworths-pear-slices-in-juice
257225,Twinings Ceylon Orange Pekoe Tea Bags 50 Pack,$7.00 ,$0.14 / 1EA,/shop/productdetails/257225/twinings-ceylon-orange-pekoe-tea-bags-tea-bags
764921,Masterfoods Creamy Chicken & Mushroom Simmer Sauce 490g,$4.50 ,$0.92 / 100G,/shop/productdetails/764921/masterfoods-creamy-chicken-mushroom-simmer-sauce
38443,Masterfoods Mint Jelly Sauce 290g,$3.00 ,$1.03 / 100G,/shop/productdetails/38443/masterfoods-mint-jelly-sauce
34114,Edgell Garden Peas Picked & Shelled Canned Vegetables 420g,$2.00 ,$4.76 / 1KG,/shop/productdetails/34114/edgell-garden-peas-picked-shelled-canned-vegetables
219994,Macro Organic Australian Medium Grain White Rice 750g,$3.50 ,$0.47 / 100G,/shop/productdetails/219994/macro-organic-australian-medium-grain-white-rice
339435,Mission Naan Bread Plain 4 Pack 280g,$3.40 ,$1.21 / 100G,/shop/productdetails/339435/mission-naan-bread-plain
196294,Woolworths Australian Quick Oats 1.5kg,$2.60 ,$0.17 / 100G,/shop/productdetails/196294/woolworths-australian-quick-oats
502951,Bertolli Extra Virgin Olive Oil Originale 750ml,$9.00 ,$1.20 / 100ML,/shop/productdetails/502951/bertolli-extra-virgin-olive-oil-originale
34993,Essentials Pancake & Pikelet Mix 300g,$1.20 ,$0.40 / 100G,/shop/productdetails/34993/essentials-pancake-pikelet-mix
94634,Hoyts Cloves Whole 15g,$2.00 ,$1.33 / 10G,/shop/productdetails/94634/hoyts-cloves-whole
107521,Continental Snack Pot Cheese & Bacon Pasta Serves 1 70g,$3.00 ,$4.29 / 100G,/shop/productdetails/107521/continental-snack-pot-cheese-bacon-pasta-serves-1
240763,Slush Puppie Fairy Floss Flavoured Slushy 250ml,$3.50 ,$1.40 / 100ML,/shop/productdetails/240763/slush-puppie-fairy-floss-flavoured-slushy
54839,Belvita Breakfast Duo Crunch Choc Hazelnut Flavoured Biscuits 5 Pack,$4.50 ,$1.78 / 100G,/shop/productdetails/54839/belvita-breakfast-duo-crunch-choc-hazelnut-flavoured-biscuits
820266,Campbell's Bone Broth Beef Beef 500ml,$7.00 ,$1.40 / 100ML,/shop/productdetails/820266/campbell-s-bone-broth-beef-beef
673014,Marutomo Soba Dipping Sauce 360ml,$5.25 ,$1.46 / 100ML,/shop/productdetails/673014/marutomo-soba-dipping-sauce
57199,Ayam Coconut Cream 270ml,$2.90 ,$1.07 / 100ML,/shop/productdetails/57199/ayam-coconut-cream
581165,Nando's Medium Rub Spice Seasoning 25g,$3.40 ,$1.36 / 10G,/shop/productdetails/581165/nando-s-medium-rub-spice-seasoning
248347,Annalisa Beans Four Mix 400g,$1.90 ,$4.75 / 1KG,/shop/productdetails/248347/annalisa-beans-four-mix
94636,Hoyts Cumin Ground 25g,$2.30 ,$0.92 / 10G,/shop/productdetails/94636/hoyts-cumin-ground
110285,Indomie Mi Goreng Fried Noodles 85g,$0.75 ,$0.88 / 100G,/shop/productdetails/110285/indomie-mi-goreng-fried-noodles
647764,Woolworths Cracked Black Pepper 39g,$2.00 ,$0.51 / 10G,/shop/productdetails/647764/woolworths-cracked-black-pepper
19498,Continental Classics Cup A Soup Creamy Chicken & Corn Bigger Serve 35g,$2.20 ,$6.29 / 100G,/shop/productdetails/19498/continental-classics-cup-a-soup-creamy-chicken-corn-bigger-serve
482810,Mama Jumbo Noodles Tom Yum 90g,$1.40 ,$1.56 / 100G,/shop/productdetails/482810/mama-jumbo-noodles-tom-yum
228520,Madura Premium Blend Tea 200g,$6.60 ,$3.30 / 100G,/shop/productdetails/228520/madura-premium-blend-tea
136644,Praise Traditional Mayonnaise Squeeze Bottle 490g,$4.50 ,$0.92 / 100G,/shop/productdetails/136644/praise-traditional-mayonnaise-squeeze-bottle
74076,San Remo Lasagne Pasta Large 250g,$2.50 ,$1.00 / 100G,/shop/productdetails/74076/san-remo-lasagne-pasta-large
47553,Three Threes Spreadable Sweet Mustard Pickles 390g,$2.80 ,$7.18 / 1KG,/shop/productdetails/47553/three-threes-spreadable-sweet-mustard-pickles
577127,White Wings Banana Muffin 455g,$5.00 ,$1.10 / 100G,/shop/productdetails/577127/white-wings-banana-muffin
210710,Hakubaku Organic Japanese Somen Noodles 98% Fat Free 270g,$4.00 ,$1.48 / 100G,/shop/productdetails/210710/hakubaku-organic-japanese-somen-noodles-98-fat-free
364826,Jade Phoenix Shiitake Mushrooms 100g,$5.80 ,$58.00 / 1KG,/shop/productdetails/364826/jade-phoenix-shiitake-mushrooms
591705,Spc Apple Puree Cups 4 X 120g,$4.50 ,$9.38 / 1KG,/shop/productdetails/591705/spc-apple-puree-cups
121505,Sanitarium Up&go Dairy Free Liquid Breakfast Vanilla Ice 3 Pack,$5.60 ,$7.47 / 1L,/shop/productdetails/121505/sanitarium-up-go-dairy-free-liquid-breakfast-vanilla-ice
857555,Amy's Kitchen Organic Indian Golden Lentil Soup 408g,$3.90 ,$0.96 / 100G,/shop/productdetails/857555/amy-s-kitchen-organic-indian-golden-lentil-soup
44973,Ardmona Pie Fruit Apples Sliced 800g,$5.00 ,$6.25 / 1KG,/shop/productdetails/44973/ardmona-pie-fruit-apples-sliced-sliced
210532,Dollar Sweets Colours Of The Rainbow Sprinkles 159g,$6.50 ,$4.09 / 100G,/shop/productdetails/210532/dollar-sweets-colours-of-the-rainbow-sprinkles
18041,Essentials Mayonnaise 770g,$3.20 ,$0.42 / 100G,/shop/productdetails/18041/essentials-mayonnaise
781401,Gourmet Garden Basil Lightly Dried 10g Sachet,$4.00 ,$4.00 / 10G,/shop/productdetails/781401/gourmet-garden-basil-lightly-dried
781655,Bega Cream Cheese Spread Spread 500g,$7.00 ,$14.00 / 1KG,/shop/productdetails/781655/bega-cream-cheese-spread-spread
34118,Continental Instant Mashed Potato Deb Mash 350g,$6.00 ,$17.14 / 1KG,/shop/productdetails/34118/continental-instant-mashed-potato-deb-mash
33437,Golden Circle Australian Canned Fruit Tinned Pineapple Slices In Juice 440g,$4.40 ,$10.00 / 1KG,/shop/productdetails/33437/golden-circle-australian-canned-fruit-tinned-pineapple-slices-in-juice
202982,Equal Spoonful Spoon For Spoon Sugar Replacement 113g,$6.00 ,$5.31 / 100G,/shop/productdetails/202982/equal-spoonful-spoon-for-spoon-sugar-replacement
345113,Obento Japanese Noodles Ramen 150g,$1.55 ,$1.03 / 100G,/shop/productdetails/345113/obento-japanese-noodles-ramen
242926,San Remo Lasagne Gluten Free 200g,$4.50 ,$2.25 / 100G,/shop/productdetails/242926/san-remo-lasagne-gluten-free
828689,Creative Kitchen Gold Delight 4 Compartment Jar Each,$6.00 ,$4.14 / 100G,/shop/productdetails/828689/creative-kitchen-gold-delight-4-compartment-jar
170497,Mingle Better Tangy Tomato Sauce Pouch 250g,$5.35 ,$2.14 / 100G,/shop/productdetails/170497/mingle-better-tangy-tomato-sauce-pouch
34392,Continental Simmer Soup Dutch Curry & Rice 70g,$1.70 ,$2.43 / 100G,/shop/productdetails/34392/continental-simmer-soup-dutch-curry-rice
174909,Macro Organic Brown Rice & Riceberry 250g,$2.00 ,$0.80 / 100G,/shop/productdetails/174909/macro-organic-brown-rice-riceberry
123586,Mr Chen's Hokkien Noodles 400g,$1.85 ,$0.46 / 100G,/shop/productdetails/123586/mr-chen-s-hokkien-noodles
77956,Sanitarium Up&go Liquid Breakfast No Added Sugar Vanilla Ice 250ml X6 Pack,$10.50 ,$7.00 / 1L,/shop/productdetails/77956/sanitarium-up-go-liquid-breakfast-no-added-sugar-vanilla-ice
36370,Uncle Tobys Natural Style Swiss Blend Muesli Breakfast Cereal 1kg,$9.00 ,$0.90 / 100G,/shop/productdetails/36370/uncle-tobys-natural-style-swiss-blend-muesli-breakfast-cereal
198532,Gardener Plum Jam 450g,$2.30 ,$0.51 / 100G,/shop/productdetails/198532/gardener-plum-jam
93466,Vittoria Latte Nespresso Compatible Coffee Capsules Pack 10,$5.50 ,$0.55 / 1EA,/shop/productdetails/93466/vittoria-latte-nespresso-compatible-coffee-capsules
726282,Woolworths Almonds Natural 150g,$3.15 ,$21.00 / 1KG,/shop/productdetails/726282/woolworths-almonds-natural
739719,Altimate Funtime Traditional Wafer Cups 21 Pack,$3.40 ,$4.53 / 100G,/shop/productdetails/739719/altimate-funtime-traditional-wafer-cups
522639,Heinz American Mustard Squeeze Bottle 220ml,$3.00 ,$1.36 / 100ML,/shop/productdetails/522639/heinz-american-mustard-squeeze-bottle
210635,Kraft Easy Mac & Cheese Macaroni Pasta Classic Cheese Box 280g,$4.70 ,$1.68 / 100G,/shop/productdetails/210635/kraft-easy-mac-cheese-macaroni-pasta-classic-cheese-box
148985,Uncle Tobys Oats Quick Sachets Big Bowl Banana & Honey Porridge 368g,$5.00 ,$1.36 / 100G,/shop/productdetails/148985/uncle-tobys-oats-quick-sachets-big-bowl-banana-honey-porridge
726124,Aunt Betty's Sticky Date Steamy Puds 2x95g,$4.90 ,$2.58 / 100G,/shop/productdetails/726124/aunt-betty-s-sticky-date-steamy-puds
749857,Campbell's Real Stock Fish Liquid Stock 500ml,$2.75 ,$0.55 / 100ML,/shop/productdetails/749857/campbell-s-real-stock-fish-liquid-stock
115082,Vittoria Espressotoria Latte Coffee Capsules 12 Pack,$6.00 ,$0.50 / 1EA,/shop/productdetails/115082/vittoria-espressotoria-latte-coffee-capsules
213293,Altimate Waffle Ice Cream Cones 12 Pack,$4.70 ,$3.13 / 100G,/shop/productdetails/213293/altimate-waffle-ice-cream-cones
118275,Birch & Waite Yoghurt Ranch Dressing & Dip 250ml,$6.00 ,$2.40 / 100ML,/shop/productdetails/118275/birch-waite-yoghurt-ranch-dressing-dip
12344,Masterfoods Chicken Salt 200g,$4.50 ,$0.23 / 10G,/shop/productdetails/12344/masterfoods-chicken-salt
336408,Morning Sun Apricot And Almond Breakfast Cereal 650g,$4.50 ,$0.69 / 100G,/shop/productdetails/336408/morning-sun-apricot-and-almond-breakfast-cereal
726280,Woolworths Almonds Flaked 120g,$3.50 ,$29.17 / 1KG,/shop/productdetails/726280/woolworths-almonds-flaked
230975,Continental Classics Pasta & Sauce Macaroni Cheese Serves 4 170g,$3.50 ,$2.06 / 100G,/shop/productdetails/230975/continental-classics-pasta-sauce-macaroni-cheese-serves-4
169076,F. Whitlock & Sons Chipotle Barbecue Bbq Sauce 250ml,$4.50 ,$1.80 / 100ML,/shop/productdetails/169076/f-whitlock-sons-chipotle-barbecue-bbq-sauce
86462,Kellogg's Sultana Bran High Fibre Breakfast Cereal Value Pack 1.25kg,$11.00 ,$0.88 / 100G,/shop/productdetails/86462/kelloggs-sultana-bran-high-fibre-breakfast-cereal-value-pack
189559,Sunsol Low Sugar Macadamia Coconut & Dark Choc Muesli 400g,$7.00 ,$1.75 / 100G,/shop/productdetails/189559/sunsol-low-sugar-macadamia-coconut-dark-choc-muesli
19138,Continental Classics Cup A Soup Asian Laksa Bigger Serve 51g,$2.20 ,$4.31 / 100G,/shop/productdetails/19138/continental-classics-cup-a-soup-asian-laksa-bigger-serve
98778,Old El Paso Burrito Spice Mix Burrito Spice Mix 40g,$2.40 ,$6.00 / 100G,/shop/productdetails/98778/old-el-paso-burrito-spice-mix-burrito-spice-mix
58926,Tcc Coconut Milk Lite 400ml,$2.30 ,$0.58 / 100ML,/shop/productdetails/58926/tcc-coconut-milk-lite
97491,Snacktacular Fruity Pouch Fruit Puree Apple & Mango 4 Pack,$2.70 ,$7.50 / 1KG,/shop/productdetails/97491/snacktacular-fruity-pouch-fruit-puree-apple-mango
827576,Uncle Tobys Oat Crisp Honey & Macadamia Breakfast Cereal 475g,$6.00 ,$1.26 / 100G,/shop/productdetails/827576/uncle-tobys-oat-crisp-honey-macadamia-breakfast-cereal
148396,Uncle Tobys Oats Quick Sachets Hi-fibre Porridge 320g,$6.30 ,$1.97 / 100G,/shop/productdetails/148396/uncle-tobys-oats-quick-sachets-hi-fibre-porridge
307765,White Wings Cupcake Mix Chocolate 410g,$5.00 ,$1.22 / 100G,/shop/productdetails/307765/white-wings-cupcake-mix-chocolate
251082,Woolworths Mint Flakes 7g,$1.55 ,$2.21 / 10G,/shop/productdetails/251082/woolworths-mint-flakes
637154,Fantastic Cup Noodles Chicken 6 Pack,$7.50 ,$1.79 / 100G,/shop/productdetails/637154/fantastic-cup-noodles-chicken
59123,Mccormick Caribbean Style Street Food Seasoning 25g,$2.50 ,$1.00 / 10G,/shop/productdetails/59123/mccormick-caribbean-style-street-food-seasoning
259501,Mingle All Natural Seasoning Mexican Fiesta Taco 50g,$3.95 ,$0.79 / 10G,/shop/productdetails/259501/mingle-all-natural-seasoning-mexican-fiesta-taco
700713,San Remo La Pasta Carbonara 160g,$2.50 ,$1.56 / 100G,/shop/productdetails/700713/san-remo-la-pasta-carbonara
243694,Ayam Paste Thai Red Curry 195g,$4.00 ,$2.05 / 100G,/shop/productdetails/243694/ayam-paste-thai-red-curry
269903,Barkers Anathoth Farm Strawberry Jam 455g,$6.30 ,$1.38 / 100G,/shop/productdetails/269903/barker-s-anathoth-farm-strawberry-jam
49305,Fantastic Oriental Noodle Bowl 85g,$0.97 ,$1.14 / 100G,/shop/productdetails/49305/fantastic-oriental-noodle-bowl
262167,Nerada Organic Chai Tea 50 Pack 93g,$4.25 ,$0.09 / 1EA,/shop/productdetails/262167/nerada-organic-chai-tea
251011,Woolworths Fennel Seed Whole 26g,$2.35 ,$0.90 / 10G,/shop/productdetails/251011/woolworths-fennel-seed-whole
78934,Barilla Arrabbiata Pasta Sauce 400g,$4.60 ,$1.15 / 100G,/shop/productdetails/78934/barilla-arrabbiata-pasta-sauce-arrabbiata-chilli
147398,Uncle Tobys Oats Quick Sachets Fruit Variety Porridge 350g,$6.30 ,$1.80 / 100G,/shop/productdetails/147398/uncle-tobys-oats-quick-sachets-fruit-variety-porridge
87363,Yeo's Drink Lychee 6x250ml,$4.00 ,$2.67 / 1L,/shop/productdetails/87363/yeo-s-drink-lychee
60864,Masterfoods Shaker Fries Charcoal Chicken Flavour Seasoning 185g,$3.50 ,$0.19 / 10G,/shop/productdetails/60864/masterfoods-shaker-fries-charcoal-chicken-flavour-seasoning
259079,Nescafe Coffee Sachets Strong Cappuccino 10 Pack,$7.60 ,$0.76 / 1EA,/shop/productdetails/259079/nescafe-coffee-sachets-strong-cappuccino
620647,Barilla Pasta Gluten Free Penne Rigate 340g,$4.70 ,$1.38 / 100G,/shop/productdetails/620647/barilla-pasta-gluten-free-penne-rigate
37466,Fantastic Chicken & Corn Noodle Cup 70g,$0.97 ,$1.39 / 100G,/shop/productdetails/37466/fantastic-chicken-corn-noodle-cup
230731,Old El Paso Chunky Salsa Dip Hot Hot 312g,$4.00 ,$1.28 / 100G,/shop/productdetails/230731/old-el-paso-chunky-salsa-dip-hot-hot
789366,Pandaroo Salad Dressing Vietnamese 270ml,$3.20 ,$1.19 / 100ML,/shop/productdetails/789366/pandaroo-salad-dressing-vietnamese
35067,Heinz Salad Cream With Natural Flavours & No Preservatives 250g,$4.00 ,$1.60 / 100G,/shop/productdetails/35067/heinz-salad-cream-with-natural-flavours-no-preservatives
218066,Mutti Organic Tomato Paste Double Concentrated 130g,$2.25 ,$1.73 / 100G,/shop/productdetails/218066/mutti-organic-tomato-paste-double-concentrated
959446,Riviana Baby Prawns 200g,$3.45 ,$17.25 / 1KG,/shop/productdetails/959446/riviana-baby-prawns
619426,San Remo Pasta Pulse Penne 250g,$4.50 ,$1.80 / 100G,/shop/productdetails/619426/san-remo-pasta-pulse-penne
34497,Three Threes Sweet Mustard Pickles 250g,$1.80 ,$7.20 / 1KG,/shop/productdetails/34497/three-threes-sweet-mustard-pickles
83319,Heinz Plant Proteinz Vegetarian Mexican Corn Black Bean Soup 330g,$2.20 ,$0.67 / 100G,/shop/productdetails/83319/heinz-plant-proteinz-vegetarian-mexican-corn-black-bean-soup
150443,Nestle Carnation Creamy Evaporated Milk 340ml,$3.00 ,$8.82 / 1L,/shop/productdetails/150443/nestle-carnation-creamy-evaporated-milk
591733,Spc Apple & Strawberry Puree Cups 4 X 120g,$4.50 ,$9.38 / 1KG,/shop/productdetails/591733/spc-apple-strawberry-puree-cups
70383,Sashi's Secret Malaysian Chicken Curry Kit 350g,$6.00 ,$1.71 / 100G,/shop/productdetails/70383/sashi-s-secret-malaysian-chicken-curry-kit
33804,Bushells Blue Label Loose Leaf Tea 250g,$3.30 ,$1.32 / 100G,/shop/productdetails/33804/bushells-blue-label-loose-leaf-tea
147685,Dollar Sweets Vanilla Extract 200ml,$10.00 ,$5.00 / 100ML,/shop/productdetails/147685/dollar-sweets-vanilla-extract
54769,Gravox Supreme Roast Meat Gravy Mix 29g,$1.50 ,$0.52 / 10G,/shop/productdetails/54769/gravox-supreme-roast-meat-gravy-mix-mix-supreme-roast-meat
115012,Leggo's Tomato Paste Triple Concentrate Sachets 4x50g,$3.00 ,$1.50 / 100G,/shop/productdetails/115012/leggo-s-tomato-paste-triple-concentrate-sachets
35389,Masterfoods Onion Powder 40g,$3.70 ,$0.93 / 10G,/shop/productdetails/35389/masterfoods-onion-powder
203759,Up&go Protein Energize Iced Coffee Flavour Breakfast Drink 250ml X12 Pack,$15.80 ,$5.27 / 1L,/shop/productdetails/203759/up-go-protein-energize-iced-coffee-flavour-breakfast-drink
526016,Woolworths Mango In Mango Jelly 4 Pack,$2.20 ,$4.58 / 1KG,/shop/productdetails/526016/woolworths-mango-in-mango-jelly
829320,Vittoria Espressotoria Oro Coffee Capsules 12 Pack,$6.00 ,$0.50 / 1EA,/shop/productdetails/829320/vittoria-espressotoria-oro-coffee-capsules
3151,Beerenberg Tomato Chutney 260g,$5.50 ,$2.12 / 100G,/shop/productdetails/3151/beerenberg-tomato-chutney
129837,Deep Cove Pink Salmon 105g,$3.30 ,$31.43 / 1KG,/shop/productdetails/129837/deep-cove-pink-salmon
438459,Hart & Soul Pho Konjac Soup Pouch 400g,$3.80 ,$0.95 / 100G,/shop/productdetails/438459/hart-soul-pho-konjac-soup-pouch
258217,O Food Olive Oil Roasted Seaweed 4 Pack,,,/shop/productdetails/258217/o-food-olive-oil-roasted-seaweed
678605,Three Threes Sweet Sliced Beetroot 415g,$3.30 ,$7.95 / 1KG,/shop/productdetails/678605/three-threes-sweet-sliced-beetroot
89649,Woolworths Peach Slices In Syrup 825g,$3.20 ,$3.88 / 1KG,/shop/productdetails/89649/woolworths-peach-slices-in-syrup
36512,Heinz Baked Beans In Ham Sauce Canned Breakfast Beans 220g,$2.00 ,$0.91 / 100G,/shop/productdetails/36512/heinz-baked-beans-in-ham-sauce-canned-breakfast-beans
32428,Spc Two Fruits Diced In Juice Canned Fruit 825g,$5.00 ,$6.06 / 1KG,/shop/productdetails/32428/spc-two-fruits-diced-in-juice-canned-fruit
701674,Kellogg's Corn Flakes Breakfast Cereal 220g,$3.80 ,$1.73 / 100G,/shop/productdetails/701674/kelloggs-corn-flakes-breakfast-cereal
693152,Kraft Mac & Cheese Macaroni Pasta Original Instant Noodles 205g,$3.50 ,$1.71 / 100G,/shop/productdetails/693152/kraft-mac-cheese-macaroni-pasta-original-instant-noodles
321601,Red Island Extra Virgin Olive Oil 3l,$46.00 ,$1.53 / 100ML,/shop/productdetails/321601/red-island-extra-virgin-olive-oil
514882,Uncle Tobys Cheerios Honey Breakfast Cereal 570g,$6.00 ,$1.05 / 100G,/shop/productdetails/514882/uncle-tobys-cheerios-honey-breakfast-cereal
38882,Valcom Canned Chestnuts Water Sliced 227g,$1.40 ,$0.62 / 100G,/shop/productdetails/38882/valcom-canned-chestnuts-water-sliced
1762,Kellogg's Variety Assorted Breakfast Cereals 8 Pack,$8.50 ,$3.09 / 100G,/shop/productdetails/1762/kelloggs-variety-assorted-breakfast-cereals
239636,Safcol No Nets Tuna In Chilli Oil 185g,$2.90 ,$15.68 / 1KG,/shop/productdetails/239636/safcol-no-nets-tuna-in-chilli-oil
82128,Valcom Paste Massaman Curry 210g,$3.80 ,$1.81 / 100G,/shop/productdetails/82128/valcom-paste-massaman-curry
9015,Zafarelli Bucatini Pasta No 6 500g,$1.85 ,$0.37 / 100G,/shop/productdetails/9015/zafarelli-bucatini-pasta-no-6
47106,Fountain Sweet Chilli Sauce 250ml,$3.00 ,$1.20 / 100ML,/shop/productdetails/47106/fountain-sweet-chilli-sauce
782301,La Zuppa Microwave Soup Thai Style Curry Laksa 420g,$3.60 ,$0.86 / 100G,/shop/productdetails/782301/la-zuppa-microwave-soup-thai-style-curry-laksa
237425,Skippy Creamy Peanut Butter 462g,$4.00 ,$0.87 / 100G,/shop/productdetails/237425/skippy-creamy-peanut-butter
159942,Vittoria Freeze Dried Instant Coffee Italian 100g,$12.50 ,$12.50 / 100G,/shop/productdetails/159942/vittoria-freeze-dried-instant-coffee-italian
346124,Woolworths Chicken Springwater 85g,$1.40 ,$16.47 / 1KG,/shop/productdetails/346124/woolworths-chicken-springwater
89722,Woolworths Dried & Diced Apricots 200g,$2.00 ,$10.00 / 1KG,/shop/productdetails/89722/woolworths-dried-diced-apricots
46037,Paul Newman's Dressings Ranch 250ml,$4.00 ,$1.60 / 100ML,/shop/productdetails/46037/paul-newman-s-dressings-ranch
726143,Aunt Betty's Chocolate Steamy Puds 2x95g,$4.90 ,$2.58 / 100G,/shop/productdetails/726143/aunt-betty-s-chocolate-steamy-puds
38908,Gravox Chicken Gravy Mix Tin 120g,$5.00 ,$0.42 / 10G,/shop/productdetails/38908/gravox-chicken-gravy-mix-tin-instant-chicken
238058,Nice & Natural Thick Shake Bars Chocolate Flavoured 6 Pack,$5.00 ,$4.17 / 100G,/shop/productdetails/238058/nice-natural-thick-shake-bars-chocolate-flavoured
627748,Obento Yakitori Sauce 250ml,$2.55 ,$1.02 / 100ML,/shop/productdetails/627748/obento-yakitori-sauce
180429,Ayam Coconut Milk Light 270ml,$2.90 ,$1.07 / 100ML,/shop/productdetails/180429/ayam-coconut-milk-light
70361,Hoyts Poppy Seed 100g,,,/shop/productdetails/70361/hoyts-poppy-seed
123906,La Molisana Extra Di Lusso 28 Fusilli 500g,$2.80 ,$0.56 / 100G,/shop/productdetails/123906/la-molisana-extra-di-lusso-28-fusilli
779290,Sweet Baby Ray's Buffalo Wing Sauce And Glaze Each,$8.15 ,$1.72 / 100ML,/shop/productdetails/779290/sweet-baby-ray-s-buffalo-wing-sauce-and-glaze
113230,Tiao Hu Oyster Sauce 320ml,$2.30 ,$0.72 / 100ML,/shop/productdetails/113230/tiao-hu-oyster-sauce
18046,Woolworths Gherkins Sweet Spiced 500g,$1.85 ,$3.70 / 1KG,/shop/productdetails/18046/woolworths-gherkins-sweet-spiced
329803,Lee Kum Kee Sauce San Choy Bao 100g,$2.40 ,$2.40 / 100G,/shop/productdetails/329803/lee-kum-kee-sauce-san-choy-bao
159197,Spc Baked Beans Bbq Flavour 425g,$1.70 ,$0.40 / 100G,/shop/productdetails/159197/spc-baked-beans-bbq-flavour
807039,Equal Sweetener Tablets 600 Tablets,$13.00 ,$2.17 / 100EA,/shop/productdetails/807039/equal-sweetener-tablets
159034,Spc Baked Beans Ham Flavour 425g,$1.70 ,$0.40 / 100G,/shop/productdetails/159034/spc-baked-beans-ham-flavour
6092,Aeroplane Original Lime Flavoured Jelly 85g,$1.10 ,$1.29 / 100G,/shop/productdetails/6092/aeroplane-original-lime-flavoured-jelly
231663,Dolmio 7 Vegetable Mediterranean Style Pasta Sauce 500g,$4.50 ,$0.90 / 100G,/shop/productdetails/231663/dolmio-7-vegetable-mediterranean-style-pasta-sauce
61704,Frank's Redhot Buffalo Wings Hot Sauce 148ml,$3.80 ,$0.26 / 10ML,/shop/productdetails/61704/frank-s-redhot-buffalo-wings-hot-sauce
55855,Green's Pudding Butterscotch Sponge 260g,$3.50 ,$1.35 / 100G,/shop/productdetails/55855/green-s-pudding-butterscotch-sponge
224906,Maggi Beef Flavour Cup Instant Noodles 58g,$2.50 ,$4.17 / 100G,/shop/productdetails/224906/maggi-beef-flavour-cup-instant-noodles
850542,Mccormicks Keens Curried Sausages 40g,$1.80 ,$4.50 / 100G,/shop/productdetails/850542/mccormick-keens-curried-sausages
373177,Continental Stock Pot Sensations Vegetable 4 Pack,$4.50 ,$0.40 / 10G,/shop/productdetails/373177/continental-stock-pot-sensations-vegetable
742102,Indomie Hot & Spicy Noodles 5pk 400g,$3.95 ,$0.99 / 100G,/shop/productdetails/742102/indomie-hot-spicy-noodles-5pk
519217,Amoy Japanese Teriyaki Sauce 450ml,$8.50 ,$1.89 / 100ML,/shop/productdetails/519217/amoy-japanese-teriyaki-sauce
490219,Cadbury Baking White Chocolate Chips 200g,$3.50 ,$1.75 / 100G,/shop/productdetails/490219/cadbury-baking-white-chocolate-chips
819924,Fantastic Noodles Cup Gluten Free Chicken 45g,$0.97 ,$2.16 / 100G,/shop/productdetails/819924/fantastic-noodles-cup-gluten-free-chicken
77571,Golden Circle Australian Canned Fruit Tinned Pineapple Pieces In Juice 225g,$3.25 ,$14.44 / 1KG,/shop/productdetails/77571/golden-circle-australian-canned-fruit-tinned-pineapple-pieces-in-juice
700525,Macro Organic Quick Oats 500g,$2.75 ,$0.55 / 100G,/shop/productdetails/700525/macro-organic-quick-oats
699318,Masterfoods Schnitzel Mix Classic 80g,$2.50 ,$0.31 / 10G,/shop/productdetails/699318/masterfoods-schnitzel-mix-classic
300889,Nescafe Caramel Choc Mocha Coffee Tim Tam 8 Pack,$5.50 ,$0.69 / 1EA,/shop/productdetails/300889/nescafe-caramel-choc-mocha-coffee-tim-tam
703584,Passage To Asia Honey & Soy Chicken Stir Fry Sauce 200g,$3.50 ,$1.75 / 100G,/shop/productdetails/703584/passage-to-asia-honey-soy-chicken-stir-fry-sauce
230949,The Healthy Baker Plain Flour Easy Store 1kg,$3.25 ,$3.25 / 1KG,/shop/productdetails/230949/the-healthy-baker-plain-flour-easy-store
753171,Woolworths Apricot Halves In Juice Apricot 410g,$2.20 ,$5.37 / 1KG,/shop/productdetails/753171/woolworths-apricot-halves-in-juice-apricot
758700,Woolworths Cashews 450g,$10.00 ,$22.22 / 1KG,/shop/productdetails/758700/woolworths-cashews
147733,Dollar Sweets Assorted Large Patty Pans 100 Pack,$3.00 ,$0.03 / 1EA,/shop/productdetails/147733/dollar-sweets-assorted-large-patty-pans
301303,Edgell Four Bean Mix Picked & Soaked Canned Legume Snack Pack 125g X4 Pack,$3.80 ,$7.60 / 1KG,/shop/productdetails/301303/edgell-four-bean-mix-picked-soaked-canned-legume-snack-pack
122677,Mr Chen's Panko Bread Crumbs 250g,$2.50 ,$1.00 / 100G,/shop/productdetails/122677/mr-chen-s-panko-bread-crumbs
305007,Ritter Sport Sport Chocolate Milk Whole Hazlenut 100g,$4.20 ,$4.20 / 100G,/shop/productdetails/305007/ritter-sport-sport-chocolate-milk-whole-hazlenut
83287,Vitasoy Prebiotic Almond Milk 1l,$3.90 ,$3.90 / 1L,/shop/productdetails/83287/vitasoy-prebiotic-almond-milk
92150,Vittoria Italian Nespresso Compatible Coffee Capsules Pack 10,$5.50 ,$0.55 / 1EA,/shop/productdetails/92150/vittoria-italian-nespresso-compatible-coffee-capsules
184834,Dollar Sweets Party Sprinkles 50g,$3.00 ,$6.00 / 100G,/shop/productdetails/184834/dollar-sweets-party-sprinkles
967400,Parle Premium Rusks 600g,$4.80 ,$0.88 / 100G,/shop/productdetails/967400/parle-premium-rusks
223972,Stagg Chili Slow Burn Chunky Chili With Beans 425g,$3.50 ,$0.82 / 100G,/shop/productdetails/223972/stagg-chili-slow-burn-chunky-chili-with-beans
36442,John West Mackerel Fillets 125g,$3.60 ,$28.80 / 1KG,/shop/productdetails/36442/john-west-mackerel-fillets
862807,Ottogi Jin Ramen Spicy Instant Noodles 120g,$1.80 ,$1.50 / 100G,/shop/productdetails/862807/ottogi-jin-ramen-spicy-instant-noodles
770052,Woolworths Free From Gluten Cereal Cornflakes 375g,$3.00 ,$0.80 / 100G,/shop/productdetails/770052/woolworths-free-from-gluten-cereal-cornflakes
37493,Fantastic Crispy Bacon Noodle Cup 70g,$0.97 ,$1.39 / 100G,/shop/productdetails/37493/fantastic-crispy-bacon-noodle-cup
148877,Leggo's Organic Tomato & Basil Pasta Sauce 500g,$5.00 ,$1.00 / 100G,/shop/productdetails/148877/leggo-s-organic-tomato-basil-pasta-sauce
357265,Macro Natural Almond Spread 250g,$5.70 ,$2.28 / 100G,/shop/productdetails/357265/macro-natural-almond-spread
35970,Tandaco One Pan Dinner Savoury Noodle 200g,$5.60 ,$2.80 / 100G,/shop/productdetails/35970/tandaco-one-pan-dinner-savoury-noodle-noodle
90832,Bushells Extra Strong Leaf Tea 250g,$3.25 ,$1.30 / 100G,/shop/productdetails/90832/bushells-extra-strong-leaf-tea
34037,Heinz Baked Beans Tinned Beans In Tomato Sauce Breakfast 220g,$2.00 ,$0.91 / 100G,/shop/productdetails/34037/heinz-baked-beans-tinned-beans-in-tomato-sauce-breakfast
730941,Macro Organic Almond Milk 1l,$2.50 ,$2.50 / 1L,/shop/productdetails/730941/macro-organic-almond-milk
94489,Masterfoods Garlic Powder 155g,$6.50 ,$0.42 / 10G,/shop/productdetails/94489/masterfoods-garlic-powder
868308,Nong Shim Shin Ramyun Instant Noodle Black 130g,$3.65 ,$2.81 / 100G,/shop/productdetails/868308/nong-shim-shin-ramyun-instant-noodle-black
873020,Woolworths Herring Fillets In Tomato Sauce 200g,$2.00 ,$10.00 / 1KG,/shop/productdetails/873020/woolworths-herring-fillets-in-tomato-sauce
118614,Masterfoods Sweet Plum Marinade 375g,$4.00 ,$1.07 / 100G,/shop/productdetails/118614/masterfoods-sweet-plum-marinade
8086,Mckenzie's Lentils Whole Green 375g,$2.30 ,$0.61 / 100G,/shop/productdetails/8086/mckenzie-s-lentils-whole-green
98549,San Remo Curls Pasta No 27 500g,$2.30 ,$0.46 / 100G,/shop/productdetails/98549/san-remo-curls-pasta-no-27
2108,Vittoria Ground Coffee Italian Blend 1kg,$24.00 ,$2.40 / 100G,/shop/productdetails/2108/vittoria-ground-coffee-italian-blend
717669,Ayam Thai Yellow Curry Paste 185g,$4.00 ,$2.16 / 100G,/shop/productdetails/717669/ayam-thai-yellow-curry-paste
657425,Heinz Beanz Baked Beans Salt Reduced 555g,$2.80 ,$0.50 / 100G,/shop/productdetails/657425/heinz-beanz-baked-beans-salt-reduced-salt-reduced
371816,Masterfoods Harissa Middle Eastern Spice Blend 37g,$4.30 ,$1.16 / 10G,/shop/productdetails/371816/masterfoods-harissa-middle-eastern-spice-blend
224075,Mazzetti Vinegar Balsamic Vintage 4 Leaf 250ml,$6.80 ,$2.72 / 100ML,/shop/productdetails/224075/mazzetti-vinegar-balsamic-vintage-4-leaf
203577,Pure Harvest Organic Oat Creamy 1l,$2.00 ,$2.00 / 1L,/shop/productdetails/203577/pure-harvest-organic-oat-creamy
49486,Tunnocks Snacks Caramel Wafer 8 Pack 240g,$6.70 ,$2.79 / 100G,/shop/productdetails/49486/tunnocks-snacks-caramel-wafer
36885,Ayam Instant Noodles 10 Cakes 700g,$5.30 ,$0.76 / 100G,/shop/productdetails/36885/ayam-instant-noodles-10-cakes
219790,Dole Pineapple Pieces In Juice 432g,$2.50 ,$5.79 / 1KG,/shop/productdetails/219790/dole-pineapple-pieces-in-juice
257448,Gravox Roast Chicken With Herbs Liquid Gravy Pouch 165g,$2.80 ,$1.70 / 100G,/shop/productdetails/257448/gravox-roast-chicken-with-herbs-liquid-gravy-pouch
94632,Hoyts Cinnamon Dutch Ground 25g,$1.80 ,$0.72 / 10G,/shop/productdetails/94632/hoyts-cinnamon-dutch-ground
574876,Hoyts Italian Herb Mix 140g,$5.40 ,$0.39 / 10G,/shop/productdetails/574876/hoyts-italian-herb-mix
94640,Hoyts Mixed Herbs 25g,$1.95 ,$0.78 / 10G,/shop/productdetails/94640/hoyts-mixed-herbs
795886,Nutella Hazelnut Chocolate Spread 12pack,$4.95 ,$2.75 / 100G,/shop/productdetails/795886/nutella-hazelnut-chocolate-spread-spread
354384,Ayam Paste Thai Massaman Curry 195g,$4.00 ,$2.05 / 100G,/shop/productdetails/354384/ayam-paste-thai-massaman-curry
954138,Capilano 100% Pure Australian Honey Squeeze 340g,$5.95 ,$1.75 / 100G,/shop/productdetails/954138/capilano-100-pure-australian-honey-squeeze
767044,Moro Dressings Italian Glaze 118ml,$5.30 ,$4.49 / 100ML,/shop/productdetails/767044/moro-dressings-italian-glaze
230513,Woolworths Cranberry Sauce 275g,$2.90 ,$1.05 / 100G,/shop/productdetails/230513/woolworths-cranberry-sauce
828591,Yeo's Drink Sugar Cane 300ml,$1.25 ,$0.42 / 100ML,/shop/productdetails/828591/yeo-s-drink-sugar-cane
726089,Aunt Betty's Golden Syrup Steamy Puds 2x95g,$4.90 ,$2.58 / 100G,/shop/productdetails/726089/aunt-betty-s-golden-syrup-steamy-puds
176677,Sunquick Ice Lollies Cola 10 Pack,$6.00 ,$1.00 / 100ML,/shop/productdetails/176677/sunquick-ice-lollies-cola
320238,Arkadia Chai Tea Spice 240g,,,/shop/productdetails/320238/arkadia-chai-tea-spice
647730,San Remo Gluten Free Brown Rice Penne 250g,$4.50 ,$1.80 / 100G,/shop/productdetails/647730/san-remo-gluten-free-brown-rice-penne
164587,Snacktacular Fruity Pouch Fruit Puree Apple Raspberry & Blueberry 4 Pack,$2.70 ,$7.50 / 1KG,/shop/productdetails/164587/snacktacular-fruity-pouch-fruit-puree-apple-raspberry-blueberry
230942,Continental Classics Pasta & Sauce Chicken Curry Serves 2 90g,$2.80 ,$3.11 / 100G,/shop/productdetails/230942/continental-classics-pasta-sauce-chicken-curry-serves-2
1073779090,Gimme Roasted Seaweed Snacks Sea Salt 6 Pack,$11.95 ,$39.83 / 100G,/shop/productdetails/1073779090/gimme-roasted-seaweed-snacks-sea-salt-6-pack
174950,Macro Organic Brown Rice Middle Eastern Style 250g,$2.00 ,$0.80 / 100G,/shop/productdetails/174950/macro-organic-brown-rice-middle-eastern-style
473746,Nando's Perinaise Mild Peri-peri Mayonnaise Sauce 265g,$4.80 ,$1.81 / 100G,/shop/productdetails/473746/nando-s-perinaise-mild-peri-peri-mayonnaise-sauce
52427,Poonsin Canned Stir Fry Vegetables Mixed 425g,$2.90 ,$6.82 / 1KG,/shop/productdetails/52427/poonsin-canned-stir-fry-vegetables-mixed
680047,Woolworths Raspberry Jelly 4 Pack,$2.11 ,$4.40 / 1KG,/shop/productdetails/680047/woolworths-raspberry-jelly
33279,Cottee's Ice Magic Choc Mint Ice Cream Topping 220g,$4.00 ,$1.82 / 100G,/shop/productdetails/33279/cottee-s-ice-magic-choc-mint-ice-cream-topping
680971,Betty Crocker Vanilla Gluten Free Frosting 400g,$5.50 ,$1.38 / 100G,/shop/productdetails/680971/betty-crocker-vanilla-gluten-free-frosting
94635,Hoyts Coriander Ground 25g,$1.95 ,$0.78 / 10G,/shop/productdetails/94635/hoyts-coriander-ground
34709,International Roast Instant Coffee 500g,$14.00 ,$2.80 / 100G,/shop/productdetails/34709/international-roast-instant-coffee
572475,Woolworths Fruit Salad In Juice 695g,$3.70 ,$5.32 / 1KG,/shop/productdetails/572475/woolworths-fruit-salad-in-juice
159932,Vittoria Freeze Dried Instant Coffee Mountain Grown 100g,$12.50 ,$12.50 / 100G,/shop/productdetails/159932/vittoria-freeze-dried-instant-coffee-mountain-grown
249414,Mutti Pizza Sauce Aromatica 280g,$3.50 ,$1.25 / 100G,/shop/productdetails/249414/mutti-pizza-sauce-aromatica
88192,Old El Paso Nachos Spice Mix 35g,$2.40 ,$6.86 / 100G,/shop/productdetails/88192/old-el-paso-nachos-spice-mix
307669,Pandaroo Snacks Jelly Fruit Mini Cups 380g,$2.50 ,$0.66 / 100G,/shop/productdetails/307669/pandaroo-snacks-jelly-fruit-mini-cups
215949,Sanitarium Smooth Peanut Butter 500g,$4.00 ,$0.80 / 100G,/shop/productdetails/215949/sanitarium-smooth-peanut-butter
347680,Heinz Big Eat Ravioli Bolognese Canned Meal 410g,$3.10 ,$7.56 / 1KG,/shop/productdetails/347680/heinz-big-eat-ravioli-bolognese-canned-meal
549559,Nescafe Coffee Sachets Cappuccino 26 Pack,$11.00 ,$0.42 / 1EA,/shop/productdetails/549559/nescafe-coffee-sachets-cappuccino-cappucino
354574,Praise Ranch Dressing Ranch 330ml,$3.00 ,$0.91 / 100ML,/shop/productdetails/354574/praise-ranch-dressing-ranch
46307,Heinz Baked Beans Canned Bean Salt Reduced Breakfast Toast 120g,$1.80 ,$1.38 / 100G,/shop/productdetails/46307/heinz-baked-beans-canned-bean-salt-reduced-breakfast-toast
216869,Mutti Gourmet Pasta Sauce Rossoro Tomatoes With Genovese Basil 400g,,,/shop/productdetails/216869/mutti-gourmet-pasta-sauce-rossoro-tomatoes-with-genovese-basil
250675,Woolworths Flavoured Instant Gravy Chicken 120g,$2.10 ,$0.18 / 10G,/shop/productdetails/250675/woolworths-flavoured-instant-gravy-chicken
142142,Masterfoods Squeezy Hot Chilli Sauce 250ml,$2.75 ,$1.10 / 100ML,/shop/productdetails/142142/masterfoods-squeezy-hot-chilli-sauce
226666,Nescafe Coffee Sachets Hazelnut Latte 10 Pack,$7.60 ,$0.76 / 1EA,/shop/productdetails/226666/nescafe-coffee-sachets-hazelnut-latte-latte-hazelnut
84956,Maggi Fusian Thai Tom Yum Flavour Instant Noodles 5 Pack,$5.00 ,$1.25 / 100G,/shop/productdetails/84956/maggi-fusian-thai-tom-yum-flavour-instant-noodles
262824,Woolworths Natural Choc And Vanilla Waffle Cones 12 Pack,$3.50 ,$2.06 / 100G,/shop/productdetails/262824/woolworths-natural-choc-and-vanilla-waffle-cones
535524,Woolworths Apple In Pineapple Jelly 4 Pack,$2.20 ,$4.58 / 1KG,/shop/productdetails/535524/woolworths-apple-in-pineapple-jelly
9185,Masterfoods Finely Chopped Ginger 160g,$4.00 ,$0.25 / 10G,/shop/productdetails/9185/masterfoods-finely-chopped-ginger
37915,Riviana Basmati Rice Extra Long Grain 2kg,$13.25 ,$0.66 / 100G,/shop/productdetails/37915/riviana-basmati-rice-extra-long-grain
635758,Praise Deli Style Balsamic & Roasted Garlic 250ml,$2.50 ,$1.00 / 100ML,/shop/productdetails/635758/praise-deli-style-balsamic-roasted-garlic
792257,Riviana Brown Basmati Rice Extra Long Grain 1kg,$7.00 ,$0.70 / 100G,/shop/productdetails/792257/riviana-brown-basmati-rice-extra-long-grain
69528,Three Threes Australian Apple Sauce 250g,$2.90 ,$1.16 / 100G,/shop/productdetails/69528/three-threes-australian-apple-sauce-apple
62000,Woolworths Sunflower Oil 750ml,$4.50 ,$0.60 / 100ML,/shop/productdetails/62000/woolworths-sunflower-oil
293959,S&w Mayonnaise Whole Egg 880g,$10.80 ,$1.23 / 100G,/shop/productdetails/293959/s-w-mayonnaise-whole-egg
6086,Aeroplane Original Berry Blue Flavoured Jelly 85g,$1.10 ,$1.29 / 100G,/shop/productdetails/6086/aeroplane-original-berry-blue-flavoured-jelly
208101,Cadbury Baking Milk Chocolate Chips Value Pack 410g,$6.00 ,$1.46 / 100G,/shop/productdetails/208101/cadbury-baking-milk-chocolate-chips-value-pack
777844,Maggi Stir Fry Chinese Sticky Bbq Flavour 150g,$3.50 ,$2.33 / 100G,/shop/productdetails/777844/maggi-stir-fry-chinese-sticky-bbq-flavour
41049,Sandhurst Chillies Jalapeno Medium Hot 270g,$3.80 ,$14.07 / 1KG,/shop/productdetails/41049/sandhurst-chillies-jalapeno-medium-hot
781650,Bega Cream Cheese Spread Spread 250g,$4.10 ,$16.40 / 1KG,/shop/productdetails/781650/bega-cream-cheese-spread-spread
785336,White Wings Dessert Mix Chocolate Profiteroles 230g,$5.00 ,$2.17 / 100G,/shop/productdetails/785336/white-wings-dessert-mix-chocolate-profiteroles
626894,Ayam Pure Sesame Oil 420ml,$8.50 ,$2.02 / 100ML,/shop/productdetails/626894/ayam-pure-sesame-oil
827791,Reese's Peanut Butter Chips 283g,$3.00 ,$1.06 / 100G,/shop/productdetails/827791/reese-s-peanut-butter-chips
235599,Safcol No Nets Tuna Lemon & Pepper 185g,$2.90 ,$15.68 / 1KG,/shop/productdetails/235599/safcol-no-nets-tuna-lemon-pepper
347035,Woolworths Freeze Dried Coffee Decaf 100g,$4.00 ,$4.00 / 100G,/shop/productdetails/347035/woolworths-freeze-dried-coffee-decaf
370454,Ayam Honey & Soy Marinade Sauce 210ml,$4.00 ,$1.90 / 100ML,/shop/productdetails/370454/ayam-honey-soy-marinade-sauce
194482,Al Wadi Rose Water 300ml,$2.50 ,$0.83 / 100ML,/shop/productdetails/194482/al-wadi-rose-water
199836,"Ben's Original Protein+ Lentils, Tumeric & Brown Rice 180g",$3.50 ,$1.94 / 100G,/shop/productdetails/199836/ben-s-original-protein-lentils-tumeric-brown-rice
204670,Woolworths Two Fruits In Juice 700g,$4.20 ,$6.00 / 1KG,/shop/productdetails/204670/woolworths-two-fruits-in-juice
33605,Bega Peanut Butter Smooth 375g,$4.30 ,$1.15 / 100G,/shop/productdetails/33605/bega-peanut-butter-smooth
233996,Mazzetti Vinegar Balsamic Glaze 215ml,$7.00 ,$3.26 / 100ML,/shop/productdetails/233996/mazzetti-vinegar-balsamic-glaze
575654,White Wings Cake In A Cup Double Chocolate 55g,$1.50 ,$2.73 / 100G,/shop/productdetails/575654/white-wings-cake-in-a-cup-double-chocolate
32759,Masterfoods Salt Onion 68g,$2.50 ,$0.37 / 10G,/shop/productdetails/32759/masterfoods-salt-onion
159972,Vittoria Freeze Dried Instant Coffee Latte 100g,$12.50 ,$12.50 / 100G,/shop/productdetails/159972/vittoria-freeze-dried-instant-coffee-latte
73717,Woolworths Chicken Salt 400g,$4.00 ,$0.10 / 10G,/shop/productdetails/73717/woolworths-chicken-salt
5558,Maille Mustard Dijon 215g,$6.00 ,$2.79 / 100G,/shop/productdetails/5558/maille-mustard-dijon
680786,Mama Pho Tom Yum Noodle Bowl 70g,$4.00 ,$5.71 / 100G,/shop/productdetails/680786/mama-pho-tom-yum-noodle-bowl
258579,Nong Shim Shrimp Meat Chip Shrimp Meat Chips 75g,,,/shop/productdetails/258579/nong-shim-shrimp-meat-chip-shrimp-meat-chips
189721,Pandaroo Lite Coconut Milk 400ml,$1.65 ,$0.41 / 100ML,/shop/productdetails/189721/pandaroo-lite-coconut-milk
82282,San Remo Linguine Pasta No 1 500g,$2.30 ,$0.46 / 100G,/shop/productdetails/82282/san-remo-linguine-pasta-no-1
750029,Sunrice Brown Rice 5kg,$19.00 ,$0.38 / 100G,/shop/productdetails/750029/sunrice-brown-rice
197121,Natural Black Peppercorn Ceramic Grinder 50g,$5.25 ,$1.05 / 10G,/shop/productdetails/197121/natural-black-peppercorn-ceramic-grinder
700712,San Remo La Pasta Creamy Bacon 160g,$2.50 ,$1.56 / 100G,/shop/productdetails/700712/san-remo-la-pasta-creamy-bacon
706627,Macro Organic Quinoa Flakes 350g,$6.50 ,$1.86 / 100G,/shop/productdetails/706627/macro-organic-quinoa-flakes
355158,Macro Pitted Dates 500g,$3.40 ,$6.80 / 1KG,/shop/productdetails/355158/macro-pitted-dates
169912,Mccormick Southern Style Street Food Seasoning 25g,$2.50 ,$1.00 / 10G,/shop/productdetails/169912/mccormick-southern-style-street-food-seasoning
36456,Nestle Rolo 52g,$2.00 ,$3.85 / 100G,/shop/productdetails/36456/nestle-rolo
78598,Tadim Roasted Sunflower Seeds 330g,,,/shop/productdetails/78598/tadim-roasted-sunflower-seeds
323393,Masterfoods Sausage Hot Pot Slow Cook Recipe Base 175g,$2.80 ,$1.60 / 100G,/shop/productdetails/323393/masterfoods-sausage-hot-pot-slow-cook-recipe-base
829009,Cadbury Baking Dark Chocolate Melts 225g,$3.50 ,$1.56 / 100G,/shop/productdetails/829009/cadbury-baking-dark-chocolate-melts
219966,Masterfoods One Pan Rice Chicken & Mushroom Risotto 250g,$4.00 ,$1.60 / 100G,/shop/productdetails/219966/masterfoods-one-pan-rice-chicken-mushroom-risotto
678622,Three Threes Sweet Whole Baby Beets 415g,$3.30 ,$7.95 / 1KG,/shop/productdetails/678622/three-threes-sweet-whole-baby-beets
116684,Vittoria Latte Nespresso Compatible Coffee Capsules 20 Pack,$13.00 ,$0.65 / 1EA,/shop/productdetails/116684/vittoria-latte-nespresso-compatible-coffee-capsules
826071,Woolworths Butter Chicken With Jasmine Rice 350g,$4.00 ,$1.14 / 100G,/shop/productdetails/826071/woolworths-butter-chicken-with-jasmine-rice
188832,Buontempo Gluten Free Pasta Spirals 600g,$4.80 ,$0.80 / 100G,/shop/productdetails/188832/buontempo-gluten-free-pasta-spirals
798252,Guzzi's Pappardelle 375g,$5.65 ,$1.51 / 100G,/shop/productdetails/798252/guzzi-s-pappardelle
364294,White Wings Cake Mix Milk Chocolate 530g,$5.00 ,$0.94 / 100G,/shop/productdetails/364294/white-wings-cake-mix-milk-chocolate
694836,Cornwell's Organic Apple Cider Vinegar 500ml,$4.80 ,$0.96 / 100ML,/shop/productdetails/694836/cornwell-s-organic-apple-cider-vinegar
32230,Nong Shim Instant Noodles Shin Ramyun 120g,$2.10 ,$1.75 / 100G,/shop/productdetails/32230/nong-shim-instant-noodles-shin-ramyun
250673,Woolworths Brown Onion Instant Gravy 120g,$2.10 ,$0.18 / 10G,/shop/productdetails/250673/woolworths-brown-onion-instant-gravy
229774,Nature's Cuppa English Breakfast Tea Bags 60 Pack 150g,$3.50 ,$0.06 / 1EA,/shop/productdetails/229774/nature-s-cuppa-english-breakfast-tea-bags
74502,Masterfoods Pizza Seasoning Sprinkle 18g,$3.50 ,$1.94 / 10G,/shop/productdetails/74502/masterfoods-pizza-seasoning-sprinkle
37423,Queen Yellow Food Colour 50ml,$1.20 ,$0.24 / 10ML,/shop/productdetails/37423/queen-yellow-food-colour
87919,Woolworths Cocoa Puffs 500g,$3.20 ,$0.64 / 100G,/shop/productdetails/87919/woolworths-cocoa-puffs
880917,Bull's-eye Original Bbq Sauce 300ml,$4.00 ,$1.33 / 100ML,/shop/productdetails/880917/bull-s-eye-original-bbq-sauce
150167,Macro Organic Coconut Milk Unsweetened 1l,$2.20 ,$2.20 / 1L,/shop/productdetails/150167/macro-organic-coconut-milk-unsweetened
33497,Dairylea Cheddar Cheese 250g,$5.00 ,$20.00 / 1KG,/shop/productdetails/33497/dairylea-cheddar-cheese
85169,Bonsoy Almond Milk 1l,$4.80 ,$4.80 / 1L,/shop/productdetails/85169/bonsoy-almond-milk
460947,Sunsweet Pitted Prunes 400g,$9.50 ,$23.75 / 1KG,/shop/productdetails/460947/sunsweet-pitted-prunes
58521,Mccormick Mexican Style Street Food Seasoning 25g,$2.50 ,$1.00 / 10G,/shop/productdetails/58521/mccormick-mexican-style-street-food-seasoning
297216,Gravox Roast Pork Liquid Gravy Pouch 165g,$2.80 ,$1.70 / 100G,/shop/productdetails/297216/gravox-roast-pork-liquid-gravy-pouch-roast-pork
120028,Sole Mare Anchovy Fillets In Olive Oil 70g,$3.80 ,$54.29 / 1KG,/shop/productdetails/120028/sole-mare-anchovy-fillets-in-olive-oil
271858,Arnott's Teeny Tiny Teddy Choc Cereal 580g,$7.00 ,$1.21 / 100G,/shop/productdetails/271858/arnott-s-teeny-tiny-teddy-choc-cereal
880916,Bull's-eye Barbecue Bbq Sauce Sweet Whiskey Glaze 300ml,$4.00 ,$1.33 / 100ML,/shop/productdetails/880916/bull-s-eye-barbecue-bbq-sauce-sweet-whiskey-glaze
19501,Continental Classics Cup-a-soup Italian Minestrone Bigger Serve 52g,$2.20 ,$4.23 / 100G,/shop/productdetails/19501/continental-classics-cup-a-soup-italian-minestrone-bigger-serve
28286,Tom Piper Braised Steak & Onions Canned Meal 400g,$3.60 ,$9.00 / 1KG,/shop/productdetails/28286/tom-piper-braised-steak-onions-canned-meal
362697,Old El Paso Crispy Chicken Spice Mix Mexican Style 35g,$2.40 ,$6.86 / 100G,/shop/productdetails/362697/old-el-paso-crispy-chicken-spice-mix-mexican-style
732510,Woolworths Max Charge Cereal 560g,$4.50 ,$0.80 / 100G,/shop/productdetails/732510/woolworths-max-charge-cereal
49709,Masterfoods Mustard Dijon Original 170g,$4.00 ,$2.35 / 100G,/shop/productdetails/49709/masterfoods-mustard-dijon-original
591719,Mccormick Scalloped Potatoes Recipe Base 40g,$1.80 ,$4.50 / 100G,/shop/productdetails/591719/mccormick-scalloped-potatoes-recipe-base
41968,Sharwood's Ingredients Chutney Mango 354g,$6.00 ,$1.69 / 100G,/shop/productdetails/41968/sharwood-s-ingredients-chutney-mango
267413,Cadbury Baking Bournville Cocoa Powder 250g,$4.90 ,$1.96 / 100G,/shop/productdetails/267413/cadbury-baking-bournville-cocoa-powder
94633,Hoyts Cinnamon Sticks 15g,$3.70 ,$2.47 / 10G,/shop/productdetails/94633/hoyts-cinnamon-sticks
108593,Australia's Own A2 Full Cream Uht Milk 6 Pack,$5.00 ,$4.17 / 1L,/shop/productdetails/108593/australia-s-own-a2-full-cream-uht-milk
674683,Belvita Golden Oats Soft Bake Biscuits 200g,$4.50 ,$2.25 / 100G,/shop/productdetails/674683/belvita-golden-oats-soft-bake-biscuits
702357,Pandaroo Ingredients Chinese Cooking Wine 375ml,$3.60 ,$0.96 / 100ML,/shop/productdetails/702357/pandaroo-ingredients-chinese-cooking-wine
354579,Praise Dressings Greek 330ml,$3.00 ,$0.91 / 100ML,/shop/productdetails/354579/praise-dressings-greek
959439,Riviana Crabmeat 170g,$4.30 ,$25.29 / 1KG,/shop/productdetails/959439/riviana-crabmeat
241362,Supreme Noodles Cup Beef Flavour 70g,$1.00 ,$1.43 / 100G,/shop/productdetails/241362/supreme-noodles-cup-beef-flavour
698867,Macro Organic Extra Virgin Spanish Olive Oil 500ml,$6.60 ,$1.32 / 100ML,/shop/productdetails/698867/macro-organic-extra-virgin-spanish-olive-oil
694101,S&w Vegan Mayonnaise 460g,$5.00 ,$1.09 / 100G,/shop/productdetails/694101/s-w-vegan-mayonnaise
331897,Taokaenoi Tempura Seaweed Original 40g,$3.40 ,$8.50 / 100G,/shop/productdetails/331897/taokaenoi-tempura-seaweed-original
180263,Macro Organic Tapioca Flour 500g,$4.50 ,$9.00 / 1KG,/shop/productdetails/180263/macro-organic-tapioca-flour-butter-crunch
427884,Madura Black Leaf Tea Organic 150g,$7.10 ,$4.73 / 100G,/shop/productdetails/427884/madura-black-leaf-tea-organic
275128,Mae Ploy Salad Dressing Thai Style 285ml,$2.50 ,$0.88 / 100ML,/shop/productdetails/275128/mae-ploy-salad-dressing-thai-style
99412,Snacktacular Fruity Pouch Fruit Puree Apple & Mixed Berries 4 Pack,$2.70 ,$7.50 / 1KG,/shop/productdetails/99412/snacktacular-fruity-pouch-fruit-puree-apple-mixed-berries
250298,Valcom Paste Laksa 230g,$3.80 ,$1.65 / 100G,/shop/productdetails/250298/valcom-paste-laksa
98049,Bega Peanut Butter Crunchy 470g,$6.40 ,$1.36 / 100G,/shop/productdetails/98049/bega-peanut-butter-crunchy
79124,Sanitarium Up&go Liquid Breakfast No Added Sugar Vanilla Ice 250ml X3 Pack,$5.60 ,$7.47 / 1L,/shop/productdetails/79124/sanitarium-up-go-liquid-breakfast-no-added-sugar-vanilla-ice
237995,Your Condiment Co. Wholegrain Mustard 200g,$2.90 ,$0.15 / 10G,/shop/productdetails/237995/your-condiment-co-your-condiment-co-wholegrain-mustard
57252,Erawan Rice Stick Large 375g,$3.00 ,$0.80 / 100G,/shop/productdetails/57252/erawan-rice-stick-large
53941,Green's Cake Mix Traditional Chocolate 440g,$2.50 ,$0.57 / 100G,/shop/productdetails/53941/green-s-cake-mix-traditional-chocolate
122188,Ingham's Coating Mix Seasoning Chicken 75g,$1.05 ,$1.40 / 100G,/shop/productdetails/122188/ingham-s-coating-mix-seasoning-chicken
626939,Obap Sweet Potato Noodles 100g,$2.30 ,$2.30 / 100G,/shop/productdetails/626939/obap-sweet-potato-noodles
55856,Green's Pudding Chocolate Sponge 260g,$3.50 ,$1.35 / 100G,/shop/productdetails/55856/green-s-pudding-chocolate-sponge
15458,Guzzi's Golden Pasta Gnocchi Potato Dry 500g,$4.80 ,$0.96 / 100G,/shop/productdetails/15458/guzzi-s-golden-pasta-gnocchi-potato-dry
54373,Continental Recipe Base Chow Mein Mince 30g,$1.80 ,$6.00 / 100G,/shop/productdetails/54373/continental-recipe-base-chow-mein-mince
92859,Vittoria Italian Nespresso Compatible Coffee Capsules Pack 20,$13.00 ,$0.65 / 1EA,/shop/productdetails/92859/vittoria-italian-nespresso-compatible-coffee-capsules
271779,Arnott's Teeny Tiny Teddy Honey Cereal 580g,$7.00 ,$1.21 / 100G,/shop/productdetails/271779/arnott-s-teeny-tiny-teddy-honey-cereal
92158,Masterfoods Lamb Herbs 15g,$3.20 ,$2.13 / 10G,/shop/productdetails/92158/masterfoods-lamb-herbs
591694,Mccormick Slow Cooker Garlic & Herb Lamb Shanks Recipe Base 40g,$1.80 ,$4.50 / 100G,/shop/productdetails/591694/mccormick-slow-cooker-garlic-herb-lamb-shanks-recipe-base
249629,Nutino Hazelnut Spread Spread 220g,,,/shop/productdetails/249629/nutino-hazelnut-spread-spread
262664,"Lighthouse Plain Flour For Pasta Tipo ""00"" 1kg",$3.85 ,$3.85 / 1KG,/shop/productdetails/262664/lighthouse-plain-flour-for-pasta-tipo-00-
171353,Masterfoods Thick Tangy Herb Burger Sauce 220ml,$4.50 ,$2.05 / 100ML,/shop/productdetails/171353/masterfoods-thick-tangy-herb-burger-sauce
152456,Kellogg's Pop Tarts Frosted Cookies & Crme Toaster Pastries 384g,$5.60 ,$1.46 / 100G,/shop/productdetails/152456/kelloggs-pop-tarts-frosted-cookies-cr-me-toaster-pastries
150169,Woolworths Honey Soy Stir Fry Sauce 150g,$1.75 ,$1.17 / 100G,/shop/productdetails/150169/woolworths-honey-soy-stir-fry-sauce
863919,Edgell Canned Edamame Beans Stir Fry Snack Packs 125g X4 Pack,$5.00 ,$1.00 / 100G,/shop/productdetails/863919/edgell-canned-edamame-beans-stir-fry-snack-packs
93420,Heinz Beanz Baked Beans No Added Sugar Multipack 300g X3 Pack,$5.40 ,$0.60 / 100G,/shop/productdetails/93420/heinz-beanz-baked-beans-no-added-sugar-multipack
197787,Woolworths Tomato Paste Sachets No Added Salt 4 Pack,$2.25 ,$1.13 / 100G,/shop/productdetails/197787/woolworths-tomato-paste-sachets-no-added-salt
364093,Ben's Original Brown Microwave Rice Pouch 250g,$3.00 ,$1.20 / 100G,/shop/productdetails/364093/ben-s-original-brown-microwave-rice-pouch
152236,Kellogg's Pop Tarts Frosted Brown Sugar Cinnamon Toaster Pastries 384g,$5.60 ,$1.46 / 100G,/shop/productdetails/152236/kelloggs-pop-tarts-frosted-brown-sugar-cinnamon-toaster-pastries
943302,Riviana Sliced Water Chestnuts 230g,$1.75 ,$7.61 / 1KG,/shop/productdetails/943302/riviana-sliced-water-chestnuts
789358,Woolworths Skim Milk Powder 1kg,$10.00 ,$1.00 / 100G,/shop/productdetails/789358/woolworths-skim-milk-powder
777764,Eti Cracker Crax Pretzel Stick Snack 120g,$2.10 ,$1.75 / 100G,/shop/productdetails/777764/eti-cracker-crax-pretzel-stick-snack
466162,F. Whitlock & Sons Caramelised Onion Relish 275g,$4.00 ,$1.45 / 100G,/shop/productdetails/466162/f-whitlock-sons-caramelised-onion-relish
763159,Golden Circle Blended Fruit Puree Strawberry Apple Pear Lunch Box Pouch 120g,$1.80 ,$15.00 / 1KG,/shop/productdetails/763159/golden-circle-blended-fruit-puree-strawberry-apple-pear-lunch-box-pouch
122003,Miso Tasty Teriyaki Sauce 100g,$3.50 ,$3.50 / 100G,/shop/productdetails/122003/miso-tasty-teriyaki-sauce
122360,Mr Chen's Singapore Noodles 400g,$1.85 ,$0.46 / 100G,/shop/productdetails/122360/mr-chen-s-singapore-noodles
38497,Rosella Chutney Fruit 525g,$5.00 ,$9.52 / 1KG,/shop/productdetails/38497/rosella-chutney-fruit
169009,Arnott's Gluten Free Scotch Finger Biscuits 170g,$4.70 ,$2.76 / 100G,/shop/productdetails/169009/arnott-s-gluten-free-scotch-finger-biscuits
720125,Fountain Plum Sauce 250ml,$3.00 ,$1.20 / 100ML,/shop/productdetails/720125/fountain-plum-sauce-sauce
153170,Minor Figures Minor Figures Barista Oat Uht Milk 1l,$4.80 ,$4.80 / 1L,/shop/productdetails/153170/minor-figures-barista-oat-uht-milk
259592,Leggos Tomato Paste Squeeze 400g,$4.00 ,$1.00 / 100G,/shop/productdetails/259592/leggo-s-tomato-paste-squeeze
707362,Woolworths Lemongrass Fresh Herb 30g Punnet,$3.20 ,$1.07 / 10G,/shop/productdetails/707362/woolworths-lemongrass-fresh-herb
94641,Hoyts Mixed Spice 25g,$1.75 ,$0.70 / 10G,/shop/productdetails/94641/hoyts-mixed-spice
205664,Queen Pillar Box Red Food Colour 50ml,$1.20 ,$0.24 / 10ML,/shop/productdetails/205664/queen-pillar-box-red-food-colour
194212,Woolworths Yellow Fin Tuna In 160g,$3.50 ,$21.88 / 1KG,/shop/productdetails/194212/woolworths-woolworths-yellow-fin-tuna-in
221099,Slendier Instant Cup Noodles Tom Yum 65g,$5.20 ,$8.00 / 100G,/shop/productdetails/221099/slendier-instant-cup-noodles-tom-yum
174914,Moccona Coffee Sachets Cappuccino 10 Pack,$3.50 ,$0.35 / 1EA,/shop/productdetails/174914/moccona-coffee-sachets-cappuccino
572974,Woolworths Sweet & Sour Chicken With Rice 350g,$4.00 ,$1.14 / 100G,/shop/productdetails/572974/woolworths-sweet-sour-chicken-with-rice
32822,Masterfoods Wholegrain Mustard 175g,$4.00 ,$2.29 / 100G,/shop/productdetails/32822/masterfoods-wholegrain-mustard
259201,Sunsweet Prunes Pitted 200g,$6.20 ,$31.00 / 1KG,/shop/productdetails/259201/sunsweet-prunes-pitted
569807,Woolworths Pineapple In Juice 4 Pack,$2.20 ,$4.40 / 1KG,/shop/productdetails/569807/woolworths-pineapple-in-juice
36440,Krummies Breadcrumbs 375g,$3.30 ,$0.88 / 100G,/shop/productdetails/36440/krummies-breadcrumbs
574616,Mckenzie's Baking Powder 300g,$5.56 ,$1.85 / 100G,/shop/productdetails/574616/mckenzie-s-baking-powder
81641,Mutti Parma Double Concentrated Tomato Paste 2 Pack,$3.70 ,$1.32 / 100G,/shop/productdetails/81641/mutti-parma-double-concentrated-tomato-paste
226106,Nescafe Coffee Sachets Mocha 10 Pack,$7.60 ,$0.76 / 1EA,/shop/productdetails/226106/nescafe-coffee-sachets-mocha-mocha
155697,Starbucks By Nescafe Dolce Gusto Caffe Latte 121g,$10.00 ,$0.83 / 1EA,/shop/productdetails/155697/starbucks-by-nescafe-dolce-gusto-caffe-latte
49905,Bonne Maman Raspberry Jam 370g,$5.50 ,$1.49 / 100G,/shop/productdetails/49905/bonne-maman-raspberry-jam
94986,Chang's Noodles Long Life 250g,$1.75 ,$0.70 / 100G,/shop/productdetails/94986/chang-s-noodles-long-life
94613,Hoyts Paprika Sweet 100g,$2.85 ,$0.29 / 10G,/shop/productdetails/94613/hoyts-paprika-sweet
79822,Patak's Korma Curry Paste 283g,$7.50 ,$2.59 / 100G,/shop/productdetails/79822/patak-s-korma-curry-paste
784123,Goulburn Valley Peaches In Juice 700g,$4.60 ,$6.57 / 1KG,/shop/productdetails/784123/goulburn-valley-peaches-in-juice-sliced-in-juice
249551,Masterfoods Moroccan Seasoning 160g,$7.30 ,$0.46 / 10G,/shop/productdetails/249551/masterfoods-moroccan-seasoning
580625,Patak's Korma Curry Simmer Sauce Sauce 450g,$2.75 ,$0.61 / 100G,/shop/productdetails/580625/patak-s-korma-curry-simmer-sauce-sauce
242328,Trident Sriracha Green Chilli Sauce 480ml,$5.80 ,$1.21 / 100ML,/shop/productdetails/242328/trident-sriracha-green-chilli-sauce
262665,Lighthouse Bread And Pizza Plain Flour 1kg,$3.85 ,$3.85 / 1KG,/shop/productdetails/262665/lighthouse-bread-and-pizza-plain-flour
368725,Uncle Tobys Cereal Plus Fibre 430g,$6.50 ,$1.51 / 100G,/shop/productdetails/368725/uncle-tobys-cereal-plus-fibre
254286,Globus Cucumbers Polish Dill 680g,$3.70 ,$5.44 / 1KG,/shop/productdetails/254286/globus-cucumbers-polish-dill
33996,Harvest Beef Irish Stew 425g,$5.00 ,$11.76 / 1KG,/shop/productdetails/33996/harvest-beef-irish-stew
105055,Lakanto Monkfruit Icing Powder Replaces Pure Icing Sugar 200g,$9.95 ,$4.98 / 100G,/shop/productdetails/105055/lakanto-monkfruit-icing-powder-replaces-pure-icing-sugar
51631,Masterfoods Smokey Bbq Marinade 375g,$4.00 ,$1.07 / 100G,/shop/productdetails/51631/masterfoods-smokey-bbq-marinade
38078,Moccona Freeze Dried Instant Coffee Classic Medium Roast 100g,$11.50 ,$11.50 / 100G,/shop/productdetails/38078/moccona-freeze-dried-instant-coffee-classic-medium-roast
151917,Nestle Carnation Light & Creamy Evaporated Milk 340ml,$3.00 ,$8.82 / 1L,/shop/productdetails/151917/nestle-carnation-light-creamy-evaporated-milk
82127,Valcom Paste Thai Panaeng Curry 210g,$3.80 ,$1.81 / 100G,/shop/productdetails/82127/valcom-paste-thai-panaeng-curry
813865,Cadbury Baking Milk Chocolate Block 180g,$3.50 ,$1.94 / 100G,/shop/productdetails/813865/cadbury-baking-milk-chocolate-block
841348,Dole Premium Tropical Pineapple Chunks In Juice 227g,$2.10 ,$9.25 / 1KG,/shop/productdetails/841348/dole-premium-tropical-pineapple-chunks-in-juice
86398,Kellogg's Special K Original Breakfast Cereal Value Pack 860g,$11.00 ,$1.28 / 100G,/shop/productdetails/86398/kelloggs-special-k-original-breakfast-cereal-value-pack
32758,Masterfoods Celery Salt 57g,$2.50 ,$0.44 / 10G,/shop/productdetails/32758/masterfoods-celery-salt
186116,Passage To India Simmer Sauce Tikka Masala 375g,$5.70 ,$1.52 / 100G,/shop/productdetails/186116/passage-to-india-simmer-sauce-tikka-masala
657011,San Remo Gluten Free Fettucine 350g,$4.50 ,$1.29 / 100G,/shop/productdetails/657011/san-remo-gluten-free-fettucine
142200,White Wings Gluten Free Plain Flour 500g,$5.00 ,$10.00 / 1KG,/shop/productdetails/142200/white-wings-gluten-free-plain-flour
82823,Laucke Spelt Bread Mix 1kg,$7.25 ,$7.25 / 1KG,/shop/productdetails/82823/laucke-spelt-bread-mix
37421,Queen Blue Food Colour 50ml,$1.20 ,$0.24 / 10ML,/shop/productdetails/37421/queen-blue-food-colour
830257,Amoy Gold Label Light Soy Sauce 500ml,$5.50 ,$1.10 / 100ML,/shop/productdetails/830257/amoy-gold-label-light-soy-sauce
106509,Australia's Own Barista Macadamia Milk 1l,$4.00 ,$4.00 / 1L,/shop/productdetails/106509/australia-s-own-barista-macadamia-milk
54179,Hoyts Mustard Seed 25g,$1.55 ,$0.62 / 10G,/shop/productdetails/54179/hoyts-mustard-seed
345955,Cobram Estate Extra Virgin Light Olive Oil 750ml,$18.00 ,$2.40 / 100ML,/shop/productdetails/345955/cobram-estate-extra-virgin-light-olive-oil
141604,Masterfoods Mustard Mild American Squeeze 550g,$5.50 ,$1.00 / 100G,/shop/productdetails/141604/masterfoods-mustard-mild-american-squeeze
59265,Masterfoods Parsley Flakes 4g,$1.90 ,$4.75 / 10G,/shop/productdetails/59265/masterfoods-parsley-flakes
94275,Mckenzie's Rice Flour 375g,$1.70 ,$4.53 / 1KG,/shop/productdetails/94275/mckenzie-s-rice-flour
108123,Whole Earth Monk Fruit Sweetener Granules 200g,$8.50 ,$4.25 / 100G,/shop/productdetails/108123/whole-earth-monk-fruit-sweetener-granules
277935,Campbell's Chunky Chilli Beef 505g,$2.25 ,$0.45 / 100G,/shop/productdetails/277935/campbell-s-chunky-chilli-beef
228523,Lipton Quality Black Leaf Tea Intense 100 Pack,$5.00 ,$0.05 / 1EA,/shop/productdetails/228523/lipton-quality-black-leaf-tea-intense
966478,San Remo Wholemeal Cous Cous 500g,$2.25 ,$0.45 / 100G,/shop/productdetails/966478/san-remo-wholemeal-cous-cous
77498,Barilla Pasta Farfalle 500g,$3.50 ,$0.70 / 100G,/shop/productdetails/77498/barilla-pasta-farfalle-farfalle-pasta-no-65
957591,Leggos Providore Tomato & Pepper 400g,$6.00 ,$1.50 / 100G,/shop/productdetails/957591/leggo-s-providore-tomato-pepper
246677,Lucky Almond Meal 300g,$8.50 ,$28.33 / 1KG,/shop/productdetails/246677/lucky-almond-meal
65701,Madura Earl Grey Tea Bags 50 Pack 100g,$5.45 ,$0.11 / 1EA,/shop/productdetails/65701/madura-earl-grey-tea-bags
53301,Maggi Fusian Instant Noodles Japanese Teriyaki Flavour Cup 62g,$2.50 ,$4.03 / 100G,/shop/productdetails/53301/maggi-fusian-instant-noodles-japanese-teriyaki-flavour-cup
320995,Mckenzie's Pepper Black Corns Blended 200g,$5.55 ,$0.28 / 10G,/shop/productdetails/320995/mckenzie-s-pepper-black-corns-blended
94616,Hoyts Parsley 15g,$2.00 ,$1.33 / 10G,/shop/productdetails/94616/hoyts-parsley
22780,Nescafe Coffee Sachets Decaf Cappuccino 10 Pack,$7.60 ,$0.76 / 1EA,/shop/productdetails/22780/nescafe-coffee-sachets-decaf-cappuccino
93095,Vittoria Black Valley Nespresso Compatible Coffee Capsules Pack 10,$5.50 ,$0.55 / 1EA,/shop/productdetails/93095/vittoria-black-valley-nespresso-compatible-coffee-capsules
57420,Green's Pancake Mix Original Shake 200g,$2.20 ,$1.10 / 100G,/shop/productdetails/57420/green-s-pancake-mix-original-shake
222124,Heinz Ravioli Ricotta With Rich Bolognese & Garlic 350g,$5.30 ,$1.51 / 100G,/shop/productdetails/222124/heinz-ravioli-ricotta-with-rich-bolognese-garlic
235095,Mr Chen's Soba Noodles 270g,$2.50 ,$0.93 / 100G,/shop/productdetails/235095/mr-chen-s-soba-noodles
218869,Woolworths Sliced Green Beans 410g,$1.60 ,$3.90 / 1KG,/shop/productdetails/218869/woolworths-sliced-green-beans
245579,Campbell's Soup Chunky Stockpot 505g,$2.25 ,$0.45 / 100G,/shop/productdetails/245579/campbell-s-soup-chunky-stockpot
59309,St Dalfour Raspberry 284g 284g,$5.70 ,$2.01 / 100G,/shop/productdetails/59309/st-dalfour-raspberry-284g
827655,Uncle Tobys Cereal Plus Muesli Flakes 820g,$7.00 ,$0.85 / 100G,/shop/productdetails/827655/uncle-tobys-cereal-plus-muesli-flakes
200224,Dilmah Family Pack Loose Leaf Tea 500g,$9.00 ,$1.80 / 100G,/shop/productdetails/200224/dilmah-family-pack-loose-leaf-tea
254408,Dilmah Tea Bags 300 Pack,$14.50 ,$0.05 / 1EA,/shop/productdetails/254408/dilmah-tea-bags
777842,Masterfoods Mild Chicken Curry Slow Cook Sauce 490g,$4.50 ,$0.92 / 100G,/shop/productdetails/777842/masterfoods-mild-chicken-curry-slow-cook-sauce
114235,Masterfoods Smoked & Charred Alabama Style Rub 52g,$4.30 ,$0.83 / 10G,/shop/productdetails/114235/masterfoods-smoked-charred-alabama-style-rub
94612,Hoyts Oregano 25g,$2.00 ,$0.80 / 10G,/shop/productdetails/94612/hoyts-oregano
761555,Continental Classics Pasta & Sauce Chicken Curry Family Pack 150g,$3.50 ,$2.33 / 100G,/shop/productdetails/761555/continental-classics-pasta-sauce-chicken-curry-family-pack
186810,Pigeon Brand Baby Corn In Brine 425g,$2.00 ,$0.47 / 100G,/shop/productdetails/186810/pigeon-brand-baby-corn-in-brine
21589,Vita Lemon Tea 250ml X6 Pack,$8.00 ,$0.53 / 100ML,/shop/productdetails/21589/vita-lemon-tea
218916,Woolworths Peas & Corn 420g,,,/shop/productdetails/218916/woolworths-peas-corn
759137,Frank's Redhot Original Cayenne Pepper Hot Sauce 148ml,$3.80 ,$2.57 / 100ML,/shop/productdetails/759137/frank-s-redhot-original-cayenne-pepper-hot-sauce
69092,Macro Organic Gluten Free Spirals 350g,$3.70 ,$1.06 / 100G,/shop/productdetails/69092/macro-organic-gluten-free-spirals
254441,Yoosh Aloe Vera Drink 500ml,$3.40 ,$6.80 / 1L,/shop/productdetails/254441/yoosh-aloe-vera-drink
753174,Woolworths Fruit Salad In Juice 410g,$2.50 ,$6.10 / 1KG,/shop/productdetails/753174/woolworths-fruit-salad-in-juice
3471,Heinz Beanz Baked Beans No Added Sugar Multipack 220g X3 Pack,$4.90 ,$0.74 / 100G,/shop/productdetails/3471/heinz-beanz-baked-beans-no-added-sugar-multipack
799459,Heinz Seriously Good Mayonnaise Garlic Aioli Mayo 500ml,$8.30 ,$1.66 / 100ML,/shop/productdetails/799459/heinz-seriously-good-mayonnaise-garlic-aioli-mayo
244016,Kellogg's Coco Pops Chocolatey Breakfast Cereal Value Pack 950g,$11.80 ,$1.24 / 100G,/shop/productdetails/244016/kelloggs-coco-pops-chocolatey-breakfast-cereal-value-pack
258673,Masterfoods Barbecue Sauce 920ml,$5.00 ,$0.54 / 100ML,/shop/productdetails/258673/masterfoods-barbecue-sauce
93045,Vittoria Ristretto Nespresso Compatible Coffee Capsules Pack 10,$5.50 ,$0.55 / 1EA,/shop/productdetails/93045/vittoria-ristretto-nespresso-compatible-coffee-capsules
138222,La Molisana Pomodoro Extra Di Lusso Passata Classica 690g,$3.50 ,$0.51 / 100G,/shop/productdetails/138222/la-molisana-pomodoro-extra-di-lusso-passata-classica
579734,Maggi Side Dishes Three Cheese Potato Bake 21g,$1.75 ,$8.33 / 100G,/shop/productdetails/579734/maggi-side-dishes-three-cheese-potato-bake
148103,Three Threes Mightymite Spread 290g,$3.15 ,$1.09 / 100G,/shop/productdetails/148103/three-threes-mightymite-spread
150170,Woolworths Teriyaki Stir Fry Sauce 150g,$1.75 ,$1.17 / 100G,/shop/productdetails/150170/woolworths-teriyaki-stir-fry-sauce
680044,Woolworths Tropical Fruit In Juice 4 Pack,$2.20 ,$4.40 / 1KG,/shop/productdetails/680044/woolworths-tropical-fruit-in-juice
83460,Woolworths Two Fruits In Juice 10 Pack,$5.20 ,$4.16 / 1KG,/shop/productdetails/83460/woolworths-two-fruits-in-juice
40389,Indomie Noodles Special Chicken 75g,$0.75 ,$1.00 / 100G,/shop/productdetails/40389/indomie-noodles-special-chicken
113229,Tiao Hu Hoisin Sauce 320ml,$2.30 ,$0.72 / 100ML,/shop/productdetails/113229/tiao-hu-hoisin-sauce
656131,Twinings English Breakfast Extra Strong Tea Bags 40 Pack,$7.00 ,$0.18 / 1EA,/shop/productdetails/656131/twinings-english-breakfast-extra-strong-tea-bags
32991,Crisco Vegetable Blended Oil 750ml,$4.50 ,$0.60 / 100ML,/shop/productdetails/32991/crisco-vegetable-blended-oil
34113,Edgell Green Peas Green 220g,$1.40 ,$6.36 / 1KG,/shop/productdetails/34113/edgell-green-peas-green
88208,Woolworths Apricot Halves In Syrup 825g,$3.50 ,$4.24 / 1KG,/shop/productdetails/88208/woolworths-apricot-halves-in-syrup
748932,Woolworths Mild American Mustard 250g,$2.70 ,$1.08 / 100G,/shop/productdetails/748932/woolworths-mild-american-mustard
80720,Deep Cove Mackerel In Tomato Sauce 425g,$2.90 ,$6.82 / 1KG,/shop/productdetails/80720/deep-cove-mackerel-in-tomato-sauce
28708,Mckenzie's Coconut Fine Desiccated 250g,$2.75 ,$11.00 / 1KG,/shop/productdetails/28708/mckenzie-s-coconut-fine-desiccated
300888,Nescafe Tim Tam Dark Chocolate Mocha Coffee Sachets 8 Pack,$5.50 ,$0.69 / 1EA,/shop/productdetails/300888/nescafe-tim-tam-dark-chocolate-mocha-coffee-sachets
212355,Praise Dressings Coleslaw 99% Fat Free 330ml,$3.00 ,$0.91 / 100ML,/shop/productdetails/212355/praise-dressings-coleslaw-99-fat-free
120690,Woolworths Almond Meal 665g,$10.50 ,$15.79 / 1KG,/shop/productdetails/120690/woolworths-almond-meal
214829,25 Degrees South Baby Spinach And Fetta Ravioli Pasta 325g,$9.00 ,$2.77 / 100G,/shop/productdetails/214829/25-degrees-south-baby-spinach-and-fetta-ravioli-pasta
664723,Macro Organic Oats Rolled Unstabilised 500g,$3.50 ,$0.70 / 100G,/shop/productdetails/664723/macro-organic-oats-rolled-unstabilised
682528,S&b Golden Curry Mix Hot 92g,$5.00 ,$5.43 / 100G,/shop/productdetails/682528/s-b-golden-curry-mix-hot
49156,Berri Quelch Fruit Sticks Ice Blocks 24x70ml,$7.30 ,$0.43 / 100ML,/shop/productdetails/49156/berri-quelch-fruit-sticks-ice-blocks
33500,Dairylea Cheddar Cheese 500g,$7.90 ,$15.80 / 1KG,/shop/productdetails/33500/dairylea-cheddar-cheese
757571,Gravox Cheese Sauce Mix 29g,$1.50 ,$0.52 / 10G,/shop/productdetails/757571/gravox-cheese-sauce-mix-cheese
148438,Kellogg's Pop Tarts Frosted Strawberry Toaster Pastries 384g,$5.60 ,$1.46 / 100G,/shop/productdetails/148438/kelloggs-pop-tarts-frosted-strawberry-toaster-pastries
167094,Nando's Perinaise Vegan Peri-peri Mayonnaise Sauce 265g,$4.80 ,$1.81 / 100G,/shop/productdetails/167094/nando-s-perinaise-vegan-peri-peri-mayonnaise-sauce
20923,Safcol Tapas Chilean Mussels In Spanish Escabeche Style Sauce 105g,$2.50 ,$23.81 / 1KG,/shop/productdetails/20923/safcol-tapas-chilean-mussels-in-spanish-escabeche-style-sauce
148265,Uncle Tobys Oat Delicious Blends Raspberry Almond Vanilla Porridge 320g,$5.00 ,$1.56 / 100G,/shop/productdetails/148265/uncle-tobys-oat-delicious-blends-raspberry-almond-vanilla-porridge
465039,Always Fresh Sicilian Olives Pitted 230g,$4.00 ,$17.39 / 1KG,/shop/productdetails/465039/always-fresh-sicilian-olives-pitted
756335,Woolworths Lychees In Syrup 560g,$2.75 ,$4.91 / 1KG,/shop/productdetails/756335/woolworths-lychees-in-syrup
33287,Hoyts Mixed Herbs 70g,$3.80 ,$0.54 / 10G,/shop/productdetails/33287/hoyts-mixed-herbs
33835,Nescafe Blend 43 Instant Coffee Jar 150g,$11.50 ,$7.67 / 100G,/shop/productdetails/33835/nescafe-blend-43-instant-coffee-jar
72640,Woolworths Plantitude Satay Tofu With Jasmine Rice 350g,$5.00 ,$1.43 / 100G,/shop/productdetails/72640/woolworths-plantitude-satay-tofu-with-jasmine-rice
64075,Sandhurst Capsicum Chargrilled 260g,$6.50 ,$25.00 / 1KG,/shop/productdetails/64075/sandhurst-capsicum-chargrilled
476935,Sanitarium Natural Smooth Peanut Butter 375g,$3.50 ,$0.93 / 100G,/shop/productdetails/476935/sanitarium-natural-smooth-peanut-butter
262434,Tetley Decaffeinated Green Tea Bags 50 Pack,$4.70 ,$0.09 / 1EA,/shop/productdetails/262434/tetley-decaffeinated-green-tea-bags
701846,Masterfoods Marinade Honey Bbq 375g,$4.00 ,$1.07 / 100G,/shop/productdetails/701846/masterfoods-marinade-honey-bbq
176665,Messy Monkeys Choc Rice Puff Bars 6 Pack,$4.50 ,$3.75 / 100G,/shop/productdetails/176665/messy-monkeys-choc-rice-puff-bars
343900,Maggi 2 Minute Beef Flavour Instant Noodles 12 Pack,$10.00 ,$1.13 / 100G,/shop/productdetails/343900/maggi-2-minute-beef-flavour-instant-noodles
830271,Chacheer Sunflower Seeds Coconut 228g,$4.00 ,$1.75 / 100G,/shop/productdetails/830271/chacheer-sunflower-seeds-coconut
251014,Woolworths Garlic Granules 45g,$2.00 ,$0.44 / 10G,/shop/productdetails/251014/woolworths-garlic-granules
829198,Hoyts Paprika Sweet Smoked 140g,$5.20 ,$0.37 / 10G,/shop/productdetails/829198/hoyts-paprika-sweet-smoked
38920,Bega Peanut Butter Smooth 200g,$3.50 ,$1.75 / 100G,/shop/productdetails/38920/bega-peanut-butter-smooth
265970,Nola Ouma Butter Milk Rusks Chunky 500g,$7.35 ,$1.47 / 100G,/shop/productdetails/265970/nola-ouma-butter-milk-rusks-chunky
873021,Woolworths Herring Fillets In Mango Pepper Sauce 200g,$2.00 ,$10.00 / 1KG,/shop/productdetails/873021/woolworths-herring-fillets-in-mango-pepper-sauce
83459,Woolworths Peaches In Juice 10 Pack,$5.20 ,$4.16 / 1KG,/shop/productdetails/83459/woolworths-peaches-in-juice
210164,Patak's Ready To Eat Pappadums Mini Plain Original 75g,$4.80 ,$6.40 / 100G,/shop/productdetails/210164/patak-s-ready-to-eat-pappadums-mini-plain-original
35143,Kraft Grated Parmesan Cheese Cannister 250g,$9.00 ,$36.00 / 1KG,/shop/productdetails/35143/kraft-grated-parmesan-cheese-cannister
44765,Masterfoods Cajun Seasoning 30g,$3.50 ,$1.00 / 10G,/shop/productdetails/44765/masterfoods-cajun-seasoning
108174,Old El Paso Tortilla Pockets Kit Original Mexican Style 375g,$9.50 ,$2.53 / 100G,/shop/productdetails/108174/old-el-paso-tortilla-pockets-kit-original-mexican-style
751277,Uncle Tobys Cheerios Multigrain Original Breakfast Cereal 580g,$6.00 ,$1.03 / 100G,/shop/productdetails/751277/uncle-tobys-cheerios-multigrain-original-breakfast-cereal
251004,Woolworths Coriander Leaves Leaves 5g,$2.65 ,$5.30 / 10G,/shop/productdetails/251004/woolworths-coriander-leaves-leaves
732197,Always Fresh Artichoke Hearts 400g,$4.60 ,$11.50 / 1KG,/shop/productdetails/732197/always-fresh-artichoke-hearts
159130,Heinz Mexican Chilli Beanz Beans Hot Canned Beans 420g,$2.50 ,$0.60 / 100G,/shop/productdetails/159130/heinz-mexican-chilli-beanz-beans-hot-canned-beans
720458,Csr Specialty Sugar Jam Setting 500g,$2.65 ,$0.53 / 100G,/shop/productdetails/720458/csr-specialty-sugar-jam-setting
619463,San Remo Pasta Chickpea Spirals 250g,$4.50 ,$1.80 / 100G,/shop/productdetails/619463/san-remo-pasta-chickpea-spirals
700105,Maggi Fusian Instant Noodles Soy & Mild Spice Flavour Cup 64g,$2.50 ,$3.91 / 100G,/shop/productdetails/700105/maggi-fusian-instant-noodles-soy-mild-spice-flavour-cup
141350,White Wings Gluten Free Self Raising Flour 500g,$5.00 ,$10.00 / 1KG,/shop/productdetails/141350/white-wings-gluten-free-self-raising-flour
591649,Mccormick Slow Cooker Beef & Red Wine Casserole Recipe Base 40g,$1.80 ,$4.50 / 100G,/shop/productdetails/591649/mccormick-slow-cooker-beef-red-wine-casserole-recipe-base
165920,Monini White Truffle Extra Virgin Olive Oil 250ml,$8.50 ,$3.40 / 100ML,/shop/productdetails/165920/monini-white-truffle-extra-virgin-olive-oil
200194,Pasta Roma Gluten Free Rigatoni 350g,$4.50 ,$1.29 / 100G,/shop/productdetails/200194/pasta-roma-gluten-free-rigatoni
89161,Cloverdale Pure Honey Pail 1kg,$9.30 ,$0.93 / 100G,/shop/productdetails/89161/cloverdale-pure-honey-pail
74787,La Molisana Pastificio Extra Di Lusso Penne Rigate 500g,$2.80 ,$0.56 / 100G,/shop/productdetails/74787/la-molisana-pastificio-extra-di-lusso-penne-rigate
226591,Twinings Live Well Defence Tea Bags 20 Pack,$4.25 ,$0.21 / 1EA,/shop/productdetails/226591/twinings-live-well-defence-tea-bags
292599,Cottee's Apricot Jam 375g,$2.80 ,$0.75 / 100G,/shop/productdetails/292599/cottee-s-apricot-jam
194215,Woolworths Yellowfin Tuna Olive Oil With Garlic & Herbs 160g,$3.50 ,$21.88 / 1KG,/shop/productdetails/194215/woolworths-yellowfin-tuna-olive-oil-with-garlic-herbs
345636,Masterfoods Slow Cooker Garlic & Herb Lamb Shanks 175g,$2.80 ,$1.60 / 100G,/shop/productdetails/345636/masterfoods-slow-cooker-garlic-herb-lamb-shanks
104327,Natvia Gold Sweetener 250g,$8.50 ,$3.40 / 100G,/shop/productdetails/104327/natvia-gold-sweetener
93445,Old El Paso Chili Con Carne Spice Mix Chilli Spice Mix 35g,$2.40 ,$6.86 / 100G,/shop/productdetails/93445/old-el-paso-chili-con-carne-spice-mix-chilli-spice-mix
111319,Pandaroo Coconut Milk 165ml,$1.30 ,$0.79 / 100ML,/shop/productdetails/111319/pandaroo-coconut-milk
36034,Arnott's Spicy Fruit Roll Biscuits Biscuits 250g,$4.20 ,$1.68 / 100G,/shop/productdetails/36034/arnott-s-spicy-fruit-roll-biscuits-biscuits
180527,Lee Kum Kee Sauce Mongolian Lamb Ready 120g,$2.40 ,$2.00 / 100G,/shop/productdetails/180527/lee-kum-kee-sauce-mongolian-lamb-ready
186442,Masterfoods Honey Mustard Chicken Recipe Base 175g,$2.80 ,$1.60 / 100G,/shop/productdetails/186442/masterfoods-honey-mustard-chicken-recipe-base
439264,Mckenzie's Green Lentil Whole 1kg,$4.80 ,$0.48 / 100G,/shop/productdetails/439264/mckenzie-s-green-lentil-whole
543758,San Remo Cannelloni 250g,$3.00 ,$1.20 / 100G,/shop/productdetails/543758/san-remo-cannelloni
34044,Tom Piper Sausages And Vegetables Canned Meal 400g,$3.60 ,$9.00 / 1KG,/shop/productdetails/34044/tom-piper-sausages-and-vegetables-canned-meal
215948,Sanitarium Crunchy Peanut Butter 500g,$4.00 ,$0.80 / 100G,/shop/productdetails/215948/sanitarium-crunchy-peanut-butter
198247,Gardener Orange Marmalade 450g,$2.30 ,$0.51 / 100G,/shop/productdetails/198247/gardener-orange-marmalade
204607,Green's Pancake Mix Buttermilk Shake 325g,$3.50 ,$1.08 / 100G,/shop/productdetails/204607/green-s-pancake-mix-buttermilk-shake
220991,Heinz Ravioli With Creamy Tomato 350g,$5.30 ,$1.51 / 100G,/shop/productdetails/220991/heinz-ravioli-with-creamy-tomato
142145,Maille Hollandaise Cream Sauce With Lemon Juice 200ml,$5.50 ,$2.75 / 100ML,/shop/productdetails/142145/maille-hollandaise-cream-sauce-with-lemon-juice
77957,Peck's Anchovette Spread 125g,$4.50 ,$3.60 / 100G,/shop/productdetails/77957/peck-s-anchovette-spread
518053,Aeroplane Ready To Eat Jelly Cup Snack Blackcurrant Flavour 120g,$1.40 ,$1.17 / 100G,/shop/productdetails/518053/aeroplane-ready-to-eat-jelly-cup-snack-blackcurrant-flavour
291866,Cottee's Breakfast Marmalade 375g,$2.80 ,$0.75 / 100G,/shop/productdetails/291866/cottee-s-breakfast-marmalade
575689,White Wings Cake In A Cup Triple Choc Brownie 4 Pack,$2.50 ,$1.14 / 100G,/shop/productdetails/575689/white-wings-cake-in-a-cup-triple-choc-brownie
743268,Woolworths Toasted Honey & Cinnamon Muesli 750g,$3.50 ,$0.47 / 100G,/shop/productdetails/743268/woolworths-toasted-honey-cinnamon-muesli
17950,Essentials Instant Coffee Granulated 200g,$3.70 ,$1.85 / 100G,/shop/productdetails/17950/essentials-instant-coffee-granulated
109361,Australia's Own Full Cream Long Life Milk 200ml X6 Pack,$4.00 ,$3.33 / 1L,/shop/productdetails/109361/australia-s-own-full-cream-long-life-milk
90436,Ayam Oyster Sauce 420ml,$5.00 ,$1.19 / 100ML,/shop/productdetails/90436/ayam-oyster-sauce
323702,Gravox Traditional Family Pack Liquid Gravy Pouch 250g,$4.00 ,$1.60 / 100G,/shop/productdetails/323702/gravox-traditional-family-pack-liquid-gravy-pouch
138233,La Molisana Pomodoro Extra Di Lusso Sugo Al Basilico 340g,$3.25 ,$0.96 / 100G,/shop/productdetails/138233/la-molisana-pomodoro-extra-di-lusso-sugo-al-basilico
637319,Fantastic Cup Noodles Beef 6 Pack,$7.50 ,$1.79 / 100G,/shop/productdetails/637319/fantastic-cup-noodles-beef
210357,Hoyts Cardamom Pods 10g,$3.10 ,$3.10 / 10G,/shop/productdetails/210357/hoyts-cardamom-pods
186115,Passage To India Simmer Sauce Curry Korma 375g,$5.70 ,$1.52 / 100G,/shop/productdetails/186115/passage-to-india-simmer-sauce-curry-korma
332185,Heinz Seriously Good Mayonnaise Original Mayo 295ml,$5.50 ,$1.86 / 100ML,/shop/productdetails/332185/heinz-seriously-good-mayonnaise-original-mayo
234786,Masterfoods Perfect For Chicken Spice Blend 20g,$2.50 ,$1.25 / 10G,/shop/productdetails/234786/masterfoods-perfect-for-chicken-spice-blend
591717,Mccormick Slow Cooker Mild Chicken Curry Recipe Base 40g,$1.80 ,$4.50 / 100G,/shop/productdetails/591717/mccormick-slow-cooker-mild-chicken-curry-recipe-base
251825,Woolworths Black Cherries Stoneless In Syrup 415g,$3.80 ,$9.16 / 1KG,/shop/productdetails/251825/woolworths-black-cherries-stoneless-in-syrup
92420,Chang's Sesame Oil 280ml,$7.00 ,$2.50 / 100ML,/shop/productdetails/92420/chang-s-sesame-oil
164531,Heinz Seriously Good Mayonnaise Vegan Mayo 270ml,$4.40 ,$1.63 / 100ML,/shop/productdetails/164531/heinz-seriously-good-mayonnaise-vegan-mayo
226199,Twinings Live Well Digest Tea Bags 22 Pack,$4.25 ,$0.19 / 1EA,/shop/productdetails/226199/twinings-live-well-digest-tea-bags
691513,Continental Classics Cheesy Rice Family Pack Serves 4 190g,$3.50 ,$1.84 / 100G,/shop/productdetails/691513/continental-classics-cheesy-rice-family-pack-serves-4
230924,Continental Classics Pasta & Sauce Sour Cream & Chives Serves 2 85g,$2.80 ,$3.29 / 100G,/shop/productdetails/230924/continental-classics-pasta-sauce-sour-cream-chives-serves-2
291867,Cottee's Plum Jam 375g,$2.80 ,$0.75 / 100G,/shop/productdetails/291867/cottee-s-plum-jam
755561,Maggi 2 Minute Wholegrain Chicken Flavour Instant Noodles 5 Pack,$5.00 ,$1.45 / 100G,/shop/productdetails/755561/maggi-2-minute-wholegrain-chicken-flavour-instant-noodles
94176,Nando's Perinaise Garlic Peri-peri Mayonnaise Sauce 265g,$4.80 ,$1.81 / 100G,/shop/productdetails/94176/nando-s-perinaise-garlic-peri-peri-mayonnaise-sauce
186991,Nestle Milo Breakfast Cereal 1.12kg,$10.00 ,$0.89 / 100G,/shop/productdetails/186991/nestle-milo-breakfast-cereal
147838,Woolworths Teriyaki Chicken With Rice Chicken With Rice 350g,$4.00 ,$1.14 / 100G,/shop/productdetails/147838/woolworths-teriyaki-chicken-with-rice-chicken-with-rice
272321,Australia's Own Barista Soy Milk 1l,$3.50 ,$3.50 / 1L,/shop/productdetails/272321/australia-s-own-barista-soy-milk
791769,Madame Flavour Lemongrass Lime & Ginger Tea Pods 18 Pack,$7.00 ,$0.39 / 1EA,/shop/productdetails/791769/madame-flavour-lemongrass-lime-ginger-tea-pods
136649,Praise 99% Fat Free Squeeze Mayonnaise 555g,$4.50 ,$0.81 / 100G,/shop/productdetails/136649/praise-99-fat-free-squeeze-mayonnaise
24258,Sunbeam Australian Currants 300g,$5.50 ,$18.33 / 1KG,/shop/productdetails/24258/sunbeam-australian-currants
672757,Woolworths Diced Pineapple In Juice 695g,$3.70 ,$5.32 / 1KG,/shop/productdetails/672757/woolworths-diced-pineapple-in-juice
347032,Woolworths Freeze Dried Coffee Original 100g,$4.00 ,$4.00 / 100G,/shop/productdetails/347032/woolworths-freeze-dried-coffee-original
43268,Spc Peaches Sliced In Mango Nectar Canned Fruit 825g,$5.00 ,$6.06 / 1KG,/shop/productdetails/43268/spc-peaches-sliced-in-mango-nectar-canned-fruit
150780,Leggo's Providore D'italia Sugo With Pecorino Romano Pasta Sauce 400g,$6.00 ,$1.50 / 100G,/shop/productdetails/150780/leggo-s-providore-d-italia-sugo-with-pecorino-romano-pasta-sauce
32214,Paul Newman's Balsamic Vinaigrette 250ml,$4.00 ,$1.60 / 100ML,/shop/productdetails/32214/paul-newman-s-balsamic-vinaigrette
30568,Billy Tea Campfire Brew Tea Bags 100 Pack,$3.75 ,$0.04 / 1EA,/shop/productdetails/30568/billy-tea-campfire-brew-tea-bags
250299,Valcom Paste Pad Thai 240g,$3.80 ,$1.58 / 100G,/shop/productdetails/250299/valcom-paste-pad-thai
141478,Whole Earth Brown Sugar Replacement 200g,$8.90 ,$4.45 / 100G,/shop/productdetails/141478/whole-earth-brown-sugar-replacement
80037,Ben's Original Indian Style Spiced Microwave Rice Pouch 250g,$3.00 ,$1.20 / 100G,/shop/productdetails/80037/ben-s-original-indian-style-spiced-microwave-rice-pouch
880527,Bull's-eye Barbecue Bbq Sauce Smokey Bacon 300ml,$4.00 ,$1.33 / 100ML,/shop/productdetails/880527/bull-s-eye-barbecue-bbq-sauce-smokey-bacon
94700,Essentials Peas Dehydrated 100g,$2.00 ,$20.00 / 1KG,/shop/productdetails/94700/essentials-peas-dehydrated
202209,Essentials Traditional Gravy Mix 425g,$3.60 ,$0.08 / 10G,/shop/productdetails/202209/essentials-traditional-gravy-mix
249587,Hoyts Cinnamon Dutch Ground 150g,$4.95 ,$0.33 / 10G,/shop/productdetails/249587/hoyts-cinnamon-dutch-ground
92156,Masterfoods Dried Italian Herbs 10g,$2.70 ,$2.70 / 10G,/shop/productdetails/92156/masterfoods-dried-italian-herbs
39916,Mckenzie's Soup Mix Italian Style 375g,$2.30 ,$0.61 / 100G,/shop/productdetails/39916/mckenzie-s-soup-mix-italian-style
702323,Obento Japanese Panko Breadcrumbs 200g,$2.90 ,$1.45 / 100G,/shop/productdetails/702323/obento-japanese-panko-breadcrumbs
20933,Safcol Tapas Chilean Mussels In Spanish Galician Style Sauce 105g,$2.50 ,$23.81 / 1KG,/shop/productdetails/20933/safcol-tapas-chilean-mussels-in-spanish-galician-style-sauce
708283,Sandhurst Olives Green Pitted 350g,$4.50 ,$12.86 / 1KG,/shop/productdetails/708283/sandhurst-olives-green-pitted
347118,Mckenzie's Bi Carb Soda 350g,$4.50 ,$1.29 / 100G,/shop/productdetails/347118/mckenzie-s-bi-carb-soda
549613,Nescafe Coffee Sachets Caramel Latte 26 Pack,$11.00 ,$0.42 / 1EA,/shop/productdetails/549613/nescafe-coffee-sachets-caramel-latte-caramel-latte
62992,Blu Gourmet Pearl Couscous 400g,$5.50 ,$1.38 / 100G,/shop/productdetails/62992/blu-gourmet-pearl-couscous
298978,Masterfoods Classic Corn Relish 250g,$4.00 ,$16.00 / 1KG,/shop/productdetails/298978/masterfoods-classic-corn-relish
580620,Masterfoods Smoked Paprika 35g,$3.50 ,$1.00 / 10G,/shop/productdetails/580620/masterfoods-smoked-paprika
31777,Queen Rainbow Food Colours 4 Pack,$3.75 ,$13.39 / 100ML,/shop/productdetails/31777/queen-rainbow-food-colours
68184,Sashi's Secret Beef Rendang Curry Kit 385g,$3.30 ,$0.86 / 100G,/shop/productdetails/68184/sashi-s-secret-beef-rendang-curry-kit
327942,Aeroplane Original Purple Grape Flavoured Jelly 85g,$1.10 ,$1.29 / 100G,/shop/productdetails/327942/aeroplane-original-purple-grape-flavoured-jelly
32649,Masterfoods Ground Cumin Seeds 25g,$3.20 ,$1.28 / 10G,/shop/productdetails/32649/masterfoods-ground-cumin-seeds
635732,Praise Deli Style Creamy Roast Garlic 250ml,$2.50 ,$1.00 / 100ML,/shop/productdetails/635732/praise-deli-style-creamy-roast-garlic
141705,Whole Earth Raw Sugar Replacement 200g,$8.90 ,$4.45 / 100G,/shop/productdetails/141705/whole-earth-raw-sugar-replacement
262727,"Continental Sensations Aged Cheddar, Parmesan Chives & Fettuccine 66g",$2.50 ,$3.79 / 100G,/shop/productdetails/262727/continental-sensations-aged-cheddar-parmesan-chives-fettuccine
827591,Nestle Milo Breakfast Cereal 700g,$7.00 ,$1.00 / 100G,/shop/productdetails/827591/nestle-milo-breakfast-cereal
37362,Queen Rose Pink Food Colour 50ml,$1.20 ,$0.24 / 10ML,/shop/productdetails/37362/queen-rose-pink-food-colour
94630,Hoyts Chilli Powder 50g,$2.00 ,$0.40 / 10G,/shop/productdetails/94630/hoyts-chilli-powder
39361,Masterfoods Lemon Butter Spread 280g,$3.90 ,$1.39 / 100G,/shop/productdetails/39361/masterfoods-lemon-butter-spread
230870,Old El Paso Gluten Free Jumbo Tortillas 215g,$6.00 ,$2.79 / 100G,/shop/productdetails/230870/old-el-paso-gluten-free-jumbo-tortillas
504615,Three Threes Pickled Onions 520g,$4.80 ,$9.23 / 1KG,/shop/productdetails/504615/three-threes-pickled-onions
142314,Vetta Smart Protein Plain Flour 1kg,$4.50 ,$4.50 / 1KG,/shop/productdetails/142314/vetta-smart-protein-plain-flour
745042,Vimto Canned Drink 330ml,$2.70 ,$0.82 / 100ML,/shop/productdetails/745042/vimto-canned-drink
664722,Macro Organic Steel Cut Oats 500g,$3.50 ,$0.70 / 100G,/shop/productdetails/664722/macro-organic-steel-cut-oats
141729,White Wings Chocolate Mousse Mix 200g,$3.60 ,$1.80 / 100G,/shop/productdetails/141729/white-wings-chocolate-mousse-mix
252676,Berri Quelch Fruit Combos Ice Blocks 24x70ml,$7.30 ,$0.43 / 100ML,/shop/productdetails/252676/berri-quelch-fruit-combos-ice-blocks
656938,Kan Tong Thai Green Curry Meal Base Pouch 175g,$3.50 ,$2.00 / 100G,/shop/productdetails/656938/kan-tong-thai-green-curry-meal-base-pouch
167993,Marion's Kitchen Japanese Ginger & Sesame Salad Dressing 240ml,$5.00 ,$2.08 / 100ML,/shop/productdetails/167993/marion-s-kitchen-japanese-ginger-sesame-salad-dressing
42861,Twinings Russian Caravan Loose Leaf Tea 125g,$6.50 ,$5.20 / 100G,/shop/productdetails/42861/twinings-russian-caravan-loose-leaf-tea
92148,Vittoria Mountain Grown Nespresso Compatible Coffee Capsules Pack 10,$5.50 ,$0.55 / 1EA,/shop/productdetails/92148/vittoria-mountain-grown-nespresso-compatible-coffee-capsules
91119,Chang's Crunchy Noodles Noodles 100g,$1.70 ,$1.70 / 100G,/shop/productdetails/91119/chang-s-crunchy-noodles-noodles
426222,Ito En Matcha Green Tea Traditional 20 Pack,$6.00 ,$0.30 / 1EA,/shop/productdetails/426222/ito-en-matcha-green-tea-traditional
226931,Hoyts Garam Masala 25g,$2.60 ,$1.04 / 10G,/shop/productdetails/226931/hoyts-garam-masala
664785,John West Mackerel Fillets In Olive Oil 125g,$3.60 ,$28.80 / 1KG,/shop/productdetails/664785/john-west-mackerel-fillets-in-olive-oil
34460,Rosella Chutney Fruit 250g,$3.00 ,$12.00 / 1KG,/shop/productdetails/34460/rosella-chutney-fruit
278912,Sa Gourmet Food Co Creamy Chicken & Veg Soup 430g,$3.00 ,$0.70 / 100G,/shop/productdetails/278912/sa-gourmet-food-co-creamy-chicken-veg-soup
215945,Sanitarium Smooth No Added Sugar Or Salt Peanut Butter 500g,$4.00 ,$0.80 / 100G,/shop/productdetails/215945/sanitarium-smooth-no-added-sugar-or-salt-peanut-butter
247604,Sunbeam Sunmuscat Sultanas 450g,$5.50 ,$1.22 / 100G,/shop/productdetails/247604/sunbeam-sunmuscat-sultanas
83992,Moro Extra Virgin Cold Pressed Olive Oil 4l,$43.00 ,$1.08 / 100ML,/shop/productdetails/83992/moro-extra-virgin-cold-pressed-olive-oil
826262,Passage To India Simmer Sauce Extra Mild Butter Chicken 375g,$5.70 ,$1.52 / 100G,/shop/productdetails/826262/passage-to-india-simmer-sauce-extra-mild-butter-chicken
701676,Kellogg's All-bran High Fibre Breakfast Cereal 530g,$8.00 ,$1.51 / 100G,/shop/productdetails/701676/kelloggs-all-bran-high-fibre-breakfast-cereal
194213,Woolworths Yellowfin Tuna Olive Oil With Red Chilli 160g,$3.50 ,$21.88 / 1KG,/shop/productdetails/194213/woolworths-yellowfin-tuna-olive-oil-with-red-chilli
143118,Green's Temptations Cinnamon Scroll Mix 520g,$5.00 ,$0.96 / 100G,/shop/productdetails/143118/green-s-temptations-cinnamon-scroll-mix
798037,Squeaky Gate Extra Virgin Olive Oil The Allrounder 750ml,$14.00 ,$1.87 / 100ML,/shop/productdetails/798037/squeaky-gate-extra-virgin-olive-oil-the-allrounder
175028,Moccona Coffee Sachets Caramel Latte 10 Pack,$3.50 ,$0.35 / 1EA,/shop/productdetails/175028/moccona-coffee-sachets-caramel-latte
490001,Nestle Bakers' Choice Milk Choc Melts 290g,$3.50 ,$1.21 / 100G,/shop/productdetails/490001/nestle-bakers-choice-milk-choc-melts
680043,Woolworths Pear In Juice Cups 4 Pack,$2.20 ,$4.40 / 1KG,/shop/productdetails/680043/woolworths-pear-in-juice-cups
54375,Continental Classics Chilli Con Carne Recipe Base Family Pack 40g,$1.80 ,$4.50 / 100G,/shop/productdetails/54375/continental-classics-chilli-con-carne-recipe-base-family-pack
32599,Masterfoods Ground Coriander 25g,$2.40 ,$0.96 / 10G,/shop/productdetails/32599/masterfoods-ground-coriander
490008,Nestle Bakers' Choice Dark Choc Bits 200g,$3.50 ,$1.75 / 100G,/shop/productdetails/490008/nestle-bakers-choice-dark-choc-bits
176505,Sunquick Ice Lollies Raspberry 10 Pack,$6.00 ,$1.00 / 100ML,/shop/productdetails/176505/sunquick-ice-lollies-raspberry
716890,Hoyts Curry Powder Mild 50g,$2.30 ,$0.46 / 10G,/shop/productdetails/716890/hoyts-curry-powder-mild
116549,Lipton Peach Iced Tea Sachets 20 Pack,$6.50 ,$0.33 / 1EA,/shop/productdetails/116549/lipton-peach-iced-tea-sachets
37422,Queen Green Food Colour 50ml,$1.20 ,$0.24 / 10ML,/shop/productdetails/37422/queen-green-food-colour
829194,Vamino Soy Milk 300ml,$1.70 ,$0.57 / 100ML,/shop/productdetails/829194/vamino-soy-milk
240465,Aeroplane Jelly Lite Watermelon Flavour Low Calorie Jelly Crystals 2x9g,$2.00 ,$11.11 / 100G,/shop/productdetails/240465/aeroplane-jelly-lite-watermelon-flavour-low-calorie-jelly-crystals
803910,Khao Shong Wasabi Coated Green Peas 280g,$7.50 ,$2.68 / 100G,/shop/productdetails/803910/khao-shong-wasabi-coated-green-peas
148876,Leggos Organic Tomato & Garlic Pasta 500g,$5.00 ,$1.00 / 100G,/shop/productdetails/148876/leggo-s-organic-tomato-garlic-pasta
122220,Mr Chen's Hoisin Sauce 250ml,$2.85 ,$1.14 / 100ML,/shop/productdetails/122220/mr-chen-s-hoisin-sauce
92399,Vittoria Valentina Nespresso Compatible Coffee Capsules Pack 10,$5.50 ,$0.55 / 1EA,/shop/productdetails/92399/vittoria-valentina-nespresso-compatible-coffee-capsules
716794,Hoyts Seasoning Moroccan Mix 65g,$2.85 ,$0.44 / 10G,/shop/productdetails/716794/hoyts-seasoning-moroccan-mix
122044,Miso Tasty White Miso Paste 200g,$7.95 ,$3.98 / 100G,/shop/productdetails/122044/miso-tasty-white-miso-paste
174190,Moccona Coffee Sachets Strong Cappuccino 10 Pack,$3.50 ,$0.35 / 1EA,/shop/productdetails/174190/moccona-coffee-sachets-strong-cappuccino
253433,Praise Whole Egg Mayonnaise Mayonnaise 335g,$4.00 ,$1.19 / 100G,/shop/productdetails/253433/praise-whole-egg-mayonnaise-mayonnaise
35388,Masterfoods Garlic Powder 50g,$3.50 ,$0.70 / 10G,/shop/productdetails/35388/masterfoods-garlic-powder
490010,Nestle Bakers' Choice White Choc Melts 290g,$3.50 ,$1.21 / 100G,/shop/productdetails/490010/nestle-bakers-choice-white-choc-melts
225618,Twinings Live Well Focus Tea Bags 22 Pack,$4.25 ,$0.19 / 1EA,/shop/productdetails/225618/twinings-live-well-focus-tea-bags
28603,Uncle Tobys Oats Breakfast Bakes Cereal Bar Berry Harvest 260g,$7.00 ,$2.69 / 100G,/shop/productdetails/28603/uncle-tobys-oats-breakfast-bakes-cereal-bar-berry-harvest
160637,Heinz Tortellini Three Cheese Pasta With Sun-dried Tomato &Bacon 350g,$5.30 ,$1.51 / 100G,/shop/productdetails/160637/heinz-tortellini-three-cheese-pasta-with-sun-dried-tomato-bacon
202140,Kellogg's Nutri Grain Protein Breakfast Cereal 470g,$9.00 ,$1.91 / 100G,/shop/productdetails/202140/kelloggs-nutri-grain-protein-breakfast-cereal
128900,Praise 99% Fat Free Mayonnaise 410g,$4.00 ,$0.98 / 100G,/shop/productdetails/128900/praise-99-fat-free-mayonnaise
518052,Aeroplane Ready To Eat Jelly Cup Snack Pineapple Flavour 120g,$1.40 ,$1.17 / 100G,/shop/productdetails/518052/aeroplane-ready-to-eat-jelly-cup-snack-pineapple-flavour
813878,Cadbury Baking Dark 70% Cocoa Chocolate Block 180g,$3.50 ,$1.94 / 100G,/shop/productdetails/813878/cadbury-baking-dark-70-cocoa-chocolate-block
658775,Edgell Australian Diced Beetroot 70g,$2.40 ,$5.65 / 1KG,/shop/productdetails/658775/edgell-australian-diced-beetroot-fiery-moroccan-spices
38695,Gravox Supreme Gravy Mix 425g,$5.80 ,$0.14 / 10G,/shop/productdetails/38695/gravox-supreme-gravy-mix-mix-supreme
57055,Hoyts Oregano 60g,$2.95 ,$0.49 / 10G,/shop/productdetails/57055/hoyts-oregano
364825,Lee Kum Kee Seasoned Soy Sauce 410ml,$3.90 ,$0.95 / 100ML,/shop/productdetails/364825/lee-kum-kee-seasoned-soy-sauce
170904,Made With Kombucha Tomato Relish 275g,$3.50 ,$1.27 / 100G,/shop/productdetails/170904/made-with-kombucha-tomato-relish
762923,Pukka Organic Herbal Tea Collection 20 Pack,$8.25 ,$0.41 / 1EA,/shop/productdetails/762923/pukka-organic-herbal-tea-collection
18133,Woolworths Beef Corned 340g,$3.50 ,$10.29 / 1KG,/shop/productdetails/18133/woolworths-beef-corned
700584,Macro Organic Lasagne Sheets 250g,$2.00 ,$0.80 / 100G,/shop/productdetails/700584/macro-organic-lasagne-sheets
58497,Lotus Biscoff Spread Crunchy 380g,$7.50 ,$1.97 / 100G,/shop/productdetails/58497/lotus-biscoff-spread-crunchy
343897,Maggi 2 Minute Oriental Flavour Instant Noodles 5 Pack,$5.00 ,$1.35 / 100G,/shop/productdetails/343897/maggi-2-minute-oriental-flavour-instant-noodles
700019,Maggi Fusian Instant Noodles Hot & Spicy Flavour Cup 65g,$2.50 ,$3.85 / 100G,/shop/productdetails/700019/maggi-fusian-instant-noodles-hot-spicy-flavour-cup
308449,Madame Flavour Green Jasmine & Pear Tea Pods 18 Pack,$7.00 ,$0.39 / 1EA,/shop/productdetails/308449/madame-flavour-green-jasmine-pear-tea-pods
170757,Mccormick Greek Style Street Food Seasoning 25g,$2.50 ,$1.00 / 10G,/shop/productdetails/170757/mccormick-greek-style-street-food-seasoning
41859,Twinings Earl Grey Loose Leaf Tea 125g,$6.50 ,$5.20 / 100G,/shop/productdetails/41859/twinings-earl-grey-loose-leaf-tea-loose-leaf-tea
695458,Woolworths Rice Bran Oil 500ml,$3.50 ,$0.70 / 100ML,/shop/productdetails/695458/woolworths-rice-bran-oil
92327,L'or Espresso Supremo Coffee Capsules 20 Pack,$10.00 ,$0.50 / 1EA,/shop/productdetails/92327/l-or-espresso-supremo-coffee-capsules
579719,Maggi Side Dishes Creamy Cheese And Garlic Potato Bake 24g,$1.75 ,$7.29 / 100G,/shop/productdetails/579719/maggi-side-dishes-creamy-cheese-and-garlic-potato-bake
591701,Mccormick Slow Cooker Country Chicken Casserole Recipe Base 40g,$1.80 ,$4.50 / 100G,/shop/productdetails/591701/mccormick-slow-cooker-country-chicken-casserole-recipe-base
75933,Woolworths Peach Halves In Syrup 825g,$3.00 ,$3.64 / 1KG,/shop/productdetails/75933/woolworths-peach-halves-in-syrup
6232,L'or Espresso Ristretto Coffee Capsules 40 Pack,$22.00 ,$0.55 / 1EA,/shop/productdetails/6232/l-or-espresso-ristretto-coffee-capsules
323403,Masterfoods Slow Cooker Beef & Red Wine Casserole 175g,$2.80 ,$1.60 / 100G,/shop/productdetails/323403/masterfoods-slow-cooker-beef-red-wine-casserole
225676,Betty Crocker Triple Chocolate Brownie Mix Brownie Mix 500g,$6.00 ,$1.20 / 100G,/shop/productdetails/225676/betty-crocker-triple-chocolate-brownie-mix-brownie-mix
237393,Skippy Super Chunk Peanut Butter 462g,$4.00 ,$0.87 / 100G,/shop/productdetails/237393/skippy-super-chunk-peanut-butter
33604,Bega Peanut Butter Crunchy 375g,$4.30 ,$1.15 / 100G,/shop/productdetails/33604/bega-peanut-butter-crunchy
673018,Hime Dried Udon Noodle 800g,$6.25 ,$0.78 / 100G,/shop/productdetails/673018/hime-dried-udon-noodle
87040,Lipton Black Tea Decaffeinated 50 Pack,$5.20 ,$0.10 / 1EA,/shop/productdetails/87040/lipton-black-tea-decaffeinated
581143,Nando's Peri-peri Spice Chilli Salt 50g,$4.50 ,$0.90 / 10G,/shop/productdetails/581143/nando-s-peri-peri-spice-chilli-salt
549623,Nescafe Coffee Sachets Vanilla 26 Pack,$11.00 ,$0.42 / 1EA,/shop/productdetails/549623/nescafe-coffee-sachets-vanilla-vanilla
122361,Nissin Noodles Instant Tonkotsu 100g,$1.30 ,$1.30 / 100G,/shop/productdetails/122361/nissin-noodles-instant-tonkotsu
210639,Queen Natural Vanilla Paste 80g,$6.50 ,$8.13 / 100G,/shop/productdetails/210639/queen-natural-vanilla-paste
234923,Alfa One Rice Bran Oil 4l,$22.00 ,$0.55 / 100ML,/shop/productdetails/234923/alfa-one-rice-bran-oil
35976,Brunswick Original Kipper 100g,$2.90 ,$29.00 / 1KG,/shop/productdetails/35976/brunswick-original-kipper
679071,Edgell Black Beans 125g X4 Pack,$3.80 ,$7.60 / 1KG,/shop/productdetails/679071/edgell-black-beans
168022,Marion's Kitchen Miso & Sesame Vinaigrette Salad Dressing 240ml,$5.00 ,$2.08 / 100ML,/shop/productdetails/168022/marion-s-kitchen-miso-sesame-vinaigrette-salad-dressing
291451,The Dutch Company Confectionary 4 Syrup Wafers 125g,$2.50 ,$2.00 / 100G,/shop/productdetails/291451/the-dutch-company-confectionary-4-syrup-wafers
228765,White Wings Self Raising Flour Wholemeal 1kg,$2.50 ,$2.50 / 1KG,/shop/productdetails/228765/white-wings-self-raising-flour-wholemeal
726356,Woolworths Pine Nuts 180g,$9.20 ,$51.11 / 1KG,/shop/productdetails/726356/woolworths-pine-nuts
243740,Ayam Paste Thai Green Curry 195g,$4.00 ,$2.05 / 100G,/shop/productdetails/243740/ayam-paste-thai-green-curry
237507,Nice & Natural Thick Shake Bars Caramel Flavour 6 Pack,$5.00 ,$4.17 / 100G,/shop/productdetails/237507/nice-natural-thick-shake-bars-caramel-flavour
104343,Praise Creamy Lime & Herb Dressing 250ml,$2.50 ,$1.00 / 100ML,/shop/productdetails/104343/praise-creamy-lime-herb-dressing
610610,Woolworths Almond Meal 400g,$6.50 ,$16.25 / 1KG,/shop/productdetails/610610/woolworths-almond-meal
434919,Woolworths Nespresso Compatible Coffee Capsules Intense 10 Pack,$3.80 ,$0.38 / 1EA,/shop/productdetails/434919/woolworths-nespresso-compatible-coffee-capsules-intense
36721,Aeroplane Jelly Lite Raspberry Flavour Low Calorie Jelly Crystals 2x9g,$2.00 ,$11.11 / 100G,/shop/productdetails/36721/aeroplane-jelly-lite-raspberry-flavour-low-calorie-jelly-crystals
106331,Continental Snack Pot Cheesy Rice Serves 1 79g,$3.00 ,$3.80 / 100G,/shop/productdetails/106331/continental-snack-pot-cheesy-rice-serves-1
34487,Keen's Mustard Powder Powder 50g,$5.00 ,$1.00 / 10G,/shop/productdetails/34487/keens-mustard-powder-powder
235901,Angas Park Soft & Juice Pitted Prunes 250g,$5.00 ,$20.00 / 1KG,/shop/productdetails/235901/angas-park-soft-juice-pitted-prunes
95833,Coco Earth Exotic Mushroom Risotto 300g,$3.60 ,$1.20 / 100G,/shop/productdetails/95833/coco-earth-exotic-mushroom-risotto
857067,Green's Classic Banana Bread 400g,$2.50 ,$0.63 / 100G,/shop/productdetails/857067/green-s-classic-banana-bread
262437,Twinings Pure Green Tea Bags 50 Pack,$7.00 ,$0.14 / 1EA,/shop/productdetails/262437/twinings-pure-green-tea-bags-bags
228764,White Wings Plain Flour Wholemeal 1kg,$2.50 ,$2.50 / 1KG,/shop/productdetails/228764/white-wings-plain-flour-wholemeal
176656,Sunquick Ice Lollies Orange 10 Pack,$6.00 ,$1.00 / 100ML,/shop/productdetails/176656/sunquick-ice-lollies-orange
253706,Tilda Indonesian Fried Rice 250g,$3.50 ,$1.40 / 100G,/shop/productdetails/253706/tilda-indonesian-fried-rice
39122,Angas Park Prunes Pitted 250g,$5.30 ,$21.20 / 1KG,/shop/productdetails/39122/angas-park-prunes-pitted
379648,Old El Paso Guacamole Spice Mix Spice Mix 30g,$2.40 ,$8.00 / 100G,/shop/productdetails/379648/old-el-paso-guacamole-spice-mix-spice-mix
272150,Australia's Own Barista Oat Milk 1l,$4.00 ,$4.00 / 1L,/shop/productdetails/272150/australia-s-own-barista-oat-milk
57326,Mae Ploy Sauce Sweet Chilli 280ml,$3.30 ,$1.18 / 100ML,/shop/productdetails/57326/mae-ploy-sauce-sweet-chilli
83808,Hart & Soul All Natural Butter Chicken Recipe Base 80g,$2.50 ,$0.31 / 10G,/shop/productdetails/83808/hart-soul-all-natural-butter-chicken-recipe-base
550385,Mccormick Italian Herb Potatoes Recipe Base 40g,$1.80 ,$4.50 / 100G,/shop/productdetails/550385/mccormick-italian-herb-potatoes-recipe-base
217642,Mutti Gourmet Pasta Sauce Rossoro Tomatoes Parmigiano Reggiano 400g,$5.00 ,$1.25 / 100G,/shop/productdetails/217642/mutti-gourmet-pasta-sauce-rossoro-tomatoes-parmigiano-reggiano
434626,Beechworth 100% Australian Bee Cause Mountain Honey Squeeze 400g,$8.00 ,$2.00 / 100G,/shop/productdetails/434626/beechworth-100-australian-bee-cause-mountain-honey-squeeze
194384,Beechworth 100% Pure Australian Honey Squeeze 400g,$7.50 ,$1.88 / 100G,/shop/productdetails/194384/beechworth-100-pure-australian-honey-squeeze
680799,Mr Squid Shredded Squid 65g,$5.00 ,$7.69 / 100G,/shop/productdetails/680799/mr-squid-shredded-squid
66810,Sashi's Secret Curry Laksa Kit 460g,$6.00 ,$1.30 / 100G,/shop/productdetails/66810/sashi-s-secret-curry-laksa-kit
210623,Hoyts Poppy Seed 240g,$4.50 ,$0.19 / 10G,/shop/productdetails/210623/hoyts-poppy-seed
355475,Masterfoods All Purpose Spicy Seasoning 190g,$6.50 ,$0.34 / 10G,/shop/productdetails/355475/masterfoods-all-purpose-spicy-seasoning
249189,Yackandandah Lemon Curd 350g,$4.80 ,$1.37 / 100G,/shop/productdetails/249189/yackandandah-lemon-curd
6081,Aeroplane Original Orange Flavoured Jelly 85g,$1.10 ,$1.29 / 100G,/shop/productdetails/6081/aeroplane-original-orange-flavoured-jelly
24833,Madura Premium Blend Tea Bags 50 Pack 100g,$5.45 ,$0.11 / 1EA,/shop/productdetails/24833/madura-premium-blend-tea-bags
715963,Simson's Pantry Naan Garlic 2 Pack,$3.50 ,$1.40 / 100G,/shop/productdetails/715963/simson-s-pantry-naan-garlic-naan-garlic
94629,Hoyts Cayenne Pepper 50g,$2.00 ,$0.40 / 10G,/shop/productdetails/94629/hoyts-cayenne-pepper
36353,Masterfoods Cinnamon Ground 28g,$2.80 ,$1.00 / 10G,/shop/productdetails/36353/masterfoods-cinnamon-ground
32831,Masterfoods Horseradish Cream 175g,$4.00 ,$2.29 / 100G,/shop/productdetails/32831/masterfoods-horseradish-cream
77570,Golden Circle Australian Canned Fruit Tinned Pineapple Slices In Juice 225g,$3.25 ,$14.44 / 1KG,/shop/productdetails/77570/golden-circle-australian-canned-fruit-tinned-pineapple-slices-in-juice
221147,Arnott's Gluten Free Mint Slice Chocolate Biscuits 141g,$4.50 ,$3.19 / 100G,/shop/productdetails/221147/arnott-s-gluten-free-mint-slice-chocolate-biscuits
446459,Maggi Dry Recipe Bases Your Meal Your Way Chilli Con Carne 41g,$1.75 ,$4.27 / 100G,/shop/productdetails/446459/maggi-dry-recipe-bases-your-meal-your-way-chilli-con-carne
808867,Pureharvest Almond Quench 1l,$3.50 ,$3.50 / 1L,/shop/productdetails/808867/pureharvest-almond-quench
729032,Sunrice Gourmet Rice Forbidden Black 500g,$6.00 ,$1.20 / 100G,/shop/productdetails/729032/sunrice-gourmet-rice-forbidden-black
157316,Vittoria Coffee Bags Espresso 20 Pack,$12.50 ,$0.63 / 1EA,/shop/productdetails/157316/vittoria-coffee-bags-espresso
326802,Beerenberg Raspberry Jam 300g,$4.50 ,$1.50 / 100G,/shop/productdetails/326802/beerenberg-raspberry-jam
805284,Hong Gong Shao Hsing Wine 640ml,$2.30 ,$0.36 / 100ML,/shop/productdetails/805284/hong-gong-shao-hsing-wine
183572,Dollar Sweets White Muffin Cases 100 Pack,$3.00 ,$0.03 / 1EA,/shop/productdetails/183572/dollar-sweets-white-muffin-cases
34948,Golden Circle Canned Vegetables Sliced Beetroot Cans 225g,,,/shop/productdetails/34948/golden-circle-canned-vegetables-sliced-beetroot-cans
35205,Masterfoods Lemon Pepper Seasoning 52g,$4.00 ,$0.77 / 10G,/shop/productdetails/35205/masterfoods-lemon-pepper-seasoning
489888,Nestle Bakers' Choice Dark Choc Melts 290g,$3.50 ,$1.21 / 100G,/shop/productdetails/489888/nestle-bakers-choice-dark-choc-melts
76291,Spc Pears Sliced In Natural Juice No Added Sugar 825g,$5.00 ,$6.06 / 1KG,/shop/productdetails/76291/spc-pears-sliced-in-natural-juice-no-added-sugar
256893,Woolworths Cooking Chocolate White 200g,$2.50 ,$1.25 / 100G,/shop/productdetails/256893/woolworths-cooking-chocolate-white
707363,Woolworths Thai Basil Fresh Herbs 15g Punnet,$3.20 ,$2.13 / 10G,/shop/productdetails/707363/woolworths-thai-basil-fresh-herbs
34090,Edgell Australian Grown Sliced Green Beans 410g,$1.80 ,$4.39 / 1KG,/shop/productdetails/34090/edgell-australian-grown-sliced-green-beans
38904,Gravox Brown Onion Gravy Mix Tin 120g,$5.00 ,$0.42 / 10G,/shop/productdetails/38904/gravox-brown-onion-gravy-mix-tin-mix-brown-onion
231601,Maggi Air Fryer Crunchy Southern Style Seasoning 40g,$1.80 ,$0.45 / 10G,/shop/productdetails/231601/maggi-air-fryer-crunchy-southern-style-seasoning
219237,Arnott's Gluten Free Shortbread Cream Biscuits 144g,$4.50 ,$3.13 / 100G,/shop/productdetails/219237/arnott-s-gluten-free-shortbread-cream-biscuits
601864,Almond Breeze Barista Blend Blue Diamond 1l,$3.50 ,$3.50 / 1L,/shop/productdetails/601864/almond-breeze-barista-blend-blue-diamond
143627,"Carman's Protein Rich Porridge Sachets Almond, Vanilla & Cinnamon 6 Pack",$5.00 ,$2.08 / 100G,/shop/productdetails/143627/carman-s-protein-rich-porridge-sachets-almond-vanilla-cinnamon
763261,Golden Circle Blended Fruit Puree Apple & Passionfruit Lunch Box Pouch 120g,$1.80 ,$15.00 / 1KG,/shop/productdetails/763261/golden-circle-blended-fruit-puree-apple-passionfruit-lunch-box-pouch
89730,Macro Australian Raisins 400g,$5.00 ,$12.50 / 1KG,/shop/productdetails/89730/macro-australian-raisins
45458,Maesri Paste Red Curry 114g,$2.10 ,$1.84 / 100G,/shop/productdetails/45458/maesri-paste-red-curry
278398,Sa Gourmet Food Co Creamy Tomato Soup 430g,$3.00 ,$0.70 / 100G,/shop/productdetails/278398/sa-gourmet-food-co-creamy-tomato-soup
197229,Uncle Tobys Oats Delicious Blends Blueberry & Coconut Porridge 320g,$5.00 ,$1.56 / 100G,/shop/productdetails/197229/uncle-tobys-oats-delicious-blends-blueberry-coconut-porridge
198160,"Amy's Kitchen Hearty Organic Quinoa, Kale & Red Lentil Soup 408g",$3.90 ,$0.96 / 100G,/shop/productdetails/198160/amy-s-kitchen-hearty-organic-quinoa-kale-red-lentil-soup
41178,Cornwell's Lancashire Relish 500ml,$5.00 ,$1.00 / 100ML,/shop/productdetails/41178/cornwell-s-lancashire-relish
856773,S&b Miso Soup Tofu 30g,$4.20 ,$14.00 / 100G,/shop/productdetails/856773/s-b-miso-soup-tofu
225942,Vogel's Low Carb Granola Apple Crumble & Cinnamon 360g,$7.20 ,$2.00 / 100G,/shop/productdetails/225942/vogel-s-low-carb-granola-apple-crumble-cinnamon
85821,Cornish Salt Co Sea Salt Flakes 150g,$5.50 ,$0.37 / 10G,/shop/productdetails/85821/cornish-salt-co-sea-salt-flakes
64076,Dairylea Cheestik Sticks 240g,$6.50 ,$27.08 / 1KG,/shop/productdetails/64076/dairylea-cheestik-sticks
443382,White Wings Cake In A Cup Double Chocolate 220g,$2.50 ,$1.14 / 100G,/shop/productdetails/443382/white-wings-cake-in-a-cup-double-chocolate
1471,John West Kipper Fillets In Brine 200g,$3.60 ,$18.00 / 1KG,/shop/productdetails/1471/john-west-kipper-fillets-in-brine
223760,Niulife Organic Extra Thick Coconut Amino Teriyaki Sauce 250ml,$8.50 ,$3.40 / 100ML,/shop/productdetails/223760/niulife-organic-extra-thick-coconut-amino-teriyaki-sauce
494145,Praise Potato Salad Dressing 330ml,$3.00 ,$0.91 / 100ML,/shop/productdetails/494145/praise-potato-salad-dressing
53869,Fountain Hot Chilli Sauce 250ml,$3.00 ,$1.20 / 100ML,/shop/productdetails/53869/fountain-hot-chilli-sauce
38723,Gravox Traditional Gravy Mix 425g,$5.80 ,$0.14 / 10G,/shop/productdetails/38723/gravox-traditional-gravy-mix-traditional
347667,Heinz Big Eat Spaghetti Bolognese Canned Meal 410g,$3.10 ,$7.56 / 1KG,/shop/productdetails/347667/heinz-big-eat-spaghetti-bolognese-canned-meal
169772,Mccormick Grill Mates Honey Sriracha American Bbq Dry Marinade 40g,$2.50 ,$0.63 / 10G,/shop/productdetails/169772/mccormick-grill-mates-honey-sriracha-american-bbq-dry-marinade
202030,Sunsweet Prunes Prunes Snackpack 8 Pack,$8.50 ,$40.87 / 1KG,/shop/productdetails/202030/sunsweet-prunes-prunes-snackpack
225360,"Vogel's Low Carb Granola Raspberry, Blueberry & Almond 360g",$7.20 ,$2.00 / 100G,/shop/productdetails/225360/vogel-s-low-carb-granola-raspberry-blueberry-almond
726541,Woolworths Almonds Natural 450g,$7.70 ,$17.11 / 1KG,/shop/productdetails/726541/woolworths-almonds-natural
294262,Woolworths Jelly Raspberry 85g,,,/shop/productdetails/294262/woolworths-jelly-raspberry
428309,Kellogg's Special K Gluten Free Breakfast Cereal 330g,$7.50 ,$2.27 / 100G,/shop/productdetails/428309/kelloggs-special-k-gluten-free-breakfast-cereal
35238,Masterfoods Chopped Chives 7g,$5.70 ,$8.14 / 10G,/shop/productdetails/35238/masterfoods-chopped-chives
66835,Nong Shim Shin Ramen Big Bowl 114g,$3.40 ,$2.98 / 100G,/shop/productdetails/66835/nong-shim-shin-ramen-big-bowl
210290,Tetley Green Tea Bags 100 Pack,$7.30 ,$0.07 / 1EA,/shop/productdetails/210290/tetley-green-tea-bags
164662,Heinz Seriously Good Mayonnaise Vegan Aioli Mayo 270ml,$4.40 ,$1.63 / 100ML,/shop/productdetails/164662/heinz-seriously-good-mayonnaise-vegan-aioli-mayo
307476,Passage To Asia Pad Thai 200g,$3.50 ,$1.75 / 100G,/shop/productdetails/307476/passage-to-asia-pad-thai
715942,Belvita Fruit & Fibre Breakfast Biscuits 300g,,,/shop/productdetails/715942/belvita-fruit-fibre-breakfast-biscuits
263256,Hikari Japanese Miso Soup Instant Wakame 216g,$4.20 ,$1.94 / 100G,/shop/productdetails/263256/hikari-japanese-miso-soup-instant-wakame
574874,Hoyts Cinnamon Sticks 45g,$6.00 ,$1.33 / 10G,/shop/productdetails/574874/hoyts-cinnamon-sticks
200413,Kellogg's Sultana Bran Breakfast Cereal 700g,$9.00 ,$1.29 / 100G,/shop/productdetails/200413/kelloggs-sultana-bran-breakfast-cereal
861611,Pandaroo Sweetened Condensed Coconut Milk 320g,$4.50 ,$1.41 / 100G,/shop/productdetails/861611/pandaroo-sweetened-condensed-coconut-milk
80370,Tadim Sunflower Seed Extra Salted 330g,$6.50 ,$1.97 / 100G,/shop/productdetails/80370/tadim-sunflower-seed-extra-salted
825620,Woolworths Chicken Pad Thai With Rice Noodles 350g,$4.00 ,$1.14 / 100G,/shop/productdetails/825620/woolworths-chicken-pad-thai-with-rice-noodles
549624,Nescafe Coffee Sachets Strong Cappuccino 26 Pack,$11.00 ,$0.42 / 1EA,/shop/productdetails/549624/nescafe-coffee-sachets-strong-cappuccino
103685,Praise Vegan Aioli 250ml,$5.00 ,$2.00 / 100ML,/shop/productdetails/103685/praise-vegan-aioli
34434,Cornwell's Mint Sauce Mint 200ml,$1.95 ,$0.98 / 100ML,/shop/productdetails/34434/cornwell-s-mint-sauce-mint
202952,Kellogg's Froot Loops Breakfast Cereal 460g,$10.00 ,$2.17 / 100G,/shop/productdetails/202952/kelloggs-froot-loops-breakfast-cereal
232012,Arnott's Shortbread Cream 50% Less Sugar Cream Biscuits 250g,$4.70 ,$1.88 / 100G,/shop/productdetails/232012/arnott-s-shortbread-cream-50-less-sugar-cream-biscuits
274871,Sanitarium Weet-bix Limited Edition Weis Mango 480g,$6.00 ,$1.25 / 100G,/shop/productdetails/274871/sanitarium-weet-bix-limited-edition-weis-mango
535602,Woolworths Canned Shredded Chicken Teriyaki 85g,$1.40 ,$16.47 / 1KG,/shop/productdetails/535602/woolworths-canned-shredded-chicken-teriyaki
101938,Obento Mirin Seasoning 250ml,$4.40 ,$1.76 / 100ML,/shop/productdetails/101938/obento-mirin-seasoning
320237,Arkadia Chai Tea Vanilla 240g,,,/shop/productdetails/320237/arkadia-chai-tea-vanilla
784136,Goulburn Valley Apricot Halves In Juice 700g,$4.60 ,$6.57 / 1KG,/shop/productdetails/784136/goulburn-valley-apricot-halves-in-juice
122981,Mr Chen's Thin Egg Noodles 300g,$2.15 ,$0.72 / 100G,/shop/productdetails/122981/mr-chen-s-thin-egg-noodles
7351,Westmont Pickles Pickles Dill Chip 500g,$5.50 ,$1.10 / 100G,/shop/productdetails/7351/westmont-pickles-pickles-dill-chip
446479,Maggi Dry Recipe Bases Your Meal Your Way Cottage Pie 37g,$1.75 ,$4.73 / 100G,/shop/productdetails/446479/maggi-dry-recipe-bases-your-meal-your-way-cottage-pie
343660,Woolworths Essentials Traditional Muesli 900g,$2.50 ,$0.28 / 100G,/shop/productdetails/343660/woolworths-essentials-traditional-muesli
192826,Always Fresh Asparagus In Springwater 340g,$5.60 ,$1.65 / 100G,/shop/productdetails/192826/always-fresh-asparagus-in-springwater
67289,Green's Cake Mix Traditional Golden Butter 440g,$2.50 ,$0.57 / 100G,/shop/productdetails/67289/green-s-cake-mix-traditional-golden-butter
15226,Lee Kum Kee Cantonese Chicken Ready Sauce 120g,$2.40 ,$2.00 / 100G,/shop/productdetails/15226/lee-kum-kee-cantonese-chicken-ready-sauce
28229,Tom Piper Savoury Mince & Vegetables Canned Meal 400g,$3.60 ,$9.00 / 1KG,/shop/productdetails/28229/tom-piper-savoury-mince-vegetables-canned-meal
44628,Essentials Cooking Chocolate Dark 375g,$2.50 ,$0.67 / 100G,/shop/productdetails/44628/essentials-cooking-chocolate-dark
203048,Kellogg's Just Right Apricot & Sultana Breakfast Cereal Value Pack 1.1kg,$11.80 ,$1.07 / 100G,/shop/productdetails/203048/kelloggs-just-right-apricot-sultana-breakfast-cereal-value-pack
21128,Kraft Mac & Cheese Macaroni Pasta Three Cheese Instant Noodles 205g,$3.50 ,$1.71 / 100G,/shop/productdetails/21128/kraft-mac-cheese-macaroni-pasta-three-cheese-instant-noodles
434918,Woolworths Nespresso Compatible Coffee Capsules Strong 10 Pack,$3.80 ,$0.38 / 1EA,/shop/productdetails/434918/woolworths-nespresso-compatible-coffee-capsules-strong
97102,Rosella Organic Sweet Chilli Sauce 250g,$6.50 ,$2.60 / 100G,/shop/productdetails/97102/rosella-organic-sweet-chilli-sauce
680511,Woolworths Crushed Chilli 230g,$2.80 ,$0.12 / 10G,/shop/productdetails/680511/woolworths-crushed-chilli
828794,Beerenberg Relish Tomato & Cracked Pepper 265g,$5.50 ,$2.08 / 100G,/shop/productdetails/828794/beerenberg-relish-tomato-cracked-pepper
245952,Gravox Diane Sauce Liquid Pouch 165g,$2.80 ,$1.70 / 100G,/shop/productdetails/245952/gravox-diane-sauce-liquid-pouch-diane
99091,Crisco Canola Oil 750ml,$4.50 ,$0.60 / 100ML,/shop/productdetails/99091/crisco-canola-oil
31429,Old El Paso Enchilada Dinner Kit 520g,$8.50 ,$1.63 / 100G,/shop/productdetails/31429/old-el-paso-enchilada-dinner-kit
781395,Gourmet Garden Coriander Lightly Dried 8g Sachet,$4.00 ,$5.00 / 10G,/shop/productdetails/781395/gourmet-garden-coriander-lightly-dried
873,Heinz Baked Beans Tinned Beans Salt Reduced Breakfast 220g,$2.00 ,$0.91 / 100G,/shop/productdetails/873/heinz-baked-beans-tinned-beans-salt-reduced-breakfast
165782,Heinz Street Food Roasted Garlic Sauce For Sandwich Or Kebab 295ml,$4.00 ,$1.36 / 100ML,/shop/productdetails/165782/heinz-street-food-roasted-garlic-sauce-for-sandwich-or-kebab
780739,Jordans Chunky Nut Crispy Oat Clusters 500g,$4.25 ,$0.85 / 100G,/shop/productdetails/780739/jordans-chunky-nut-crispy-oat-clusters
15819,Sanitarium Natural Crunchy Peanut Butter 375g,$3.50 ,$0.93 / 100G,/shop/productdetails/15819/sanitarium-natural-crunchy-peanut-butter
475350,Beerenberg Roadhouse Steak Sauce 300ml,$6.50 ,$2.17 / 100ML,/shop/productdetails/475350/beerenberg-roadhouse-steak-sauce
252199,Laucke Barossa Sourdough Rye Bread Mix 2.4kg,$9.80 ,$4.08 / 1KG,/shop/productdetails/252199/laucke-barossa-sourdough-rye-bread-mix
183861,Nature's Cuppa Organic Ceylon Premium Tea Bags 120 Pack,$12.00 ,$0.10 / 1EA,/shop/productdetails/183861/nature-s-cuppa-organic-ceylon-premium-tea-bags
213198,Paul Newman's Dressings Creamy Caesar 250ml,$4.00 ,$1.60 / 100ML,/shop/productdetails/213198/paul-newman-s-dressings-creamy-caesar
59407,Aeroplane Original Mango Flavoured Jelly 85g,$1.10 ,$1.29 / 100G,/shop/productdetails/59407/aeroplane-original-mango-flavoured-jelly
813868,Cadbury Baking Dark Chocolate Block 180g,$3.50 ,$1.94 / 100G,/shop/productdetails/813868/cadbury-baking-dark-chocolate-block
323716,Gravox Roast Chicken With Herbs Family Pack Liquid Gravy Pouch 250g,$4.00 ,$1.60 / 100G,/shop/productdetails/323716/gravox-roast-chicken-with-herbs-family-pack-liquid-gravy-pouch
167555,Marion's Kitchen Thai Basil Lime & Coconut Salad Dressing 240ml,$5.00 ,$2.08 / 100ML,/shop/productdetails/167555/marion-s-kitchen-thai-basil-lime-coconut-salad-dressing
207328,A2 Milk Full Cream Uht Milk 1l,$3.50 ,$3.50 / 1L,/shop/productdetails/207328/a2-milk-full-cream-uht-milk
706158,Heinz Seriously Good Garlic Aioli Mayonnaise Mayo 295ml,$5.50 ,$1.86 / 100ML,/shop/productdetails/706158/heinz-seriously-good-garlic-aioli-mayonnaise-mayo
115795,Nescafe Coffee Sachets 98% Sugar Free Caramel Latte 10 Pack,$7.60 ,$0.76 / 1EA,/shop/productdetails/115795/nescafe-coffee-sachets-98-sugar-free-caramel-latte
279772,Sa Gourmet Food Co 8 Garden Vegetable Soup 430g,$3.00 ,$0.70 / 100G,/shop/productdetails/279772/sa-gourmet-food-co-8-garden-vegetable-soup
157685,Vittoria Coffee Bags Italian 20 Pack,$12.50 ,$0.63 / 1EA,/shop/productdetails/157685/vittoria-coffee-bags-italian
62001,Woolworths Sunflower Oil 2l,$11.90 ,$0.60 / 100ML,/shop/productdetails/62001/woolworths-sunflower-oil
132885,Woolworths Wild Alaskan Salmon & Lentil Salad 185g,$3.50 ,$18.92 / 1KG,/shop/productdetails/132885/woolworths-wild-alaskan-salmon-lentil-salad
70432,Macro Organic Adzuki Beans 420g,$1.50 ,$0.36 / 100G,/shop/productdetails/70432/macro-organic-adzuki-beans
329746,Sandhurst Olives Green Sicilian 280g,$4.00 ,$14.29 / 1KG,/shop/productdetails/329746/sandhurst-olives-green-sicilian
226882,Twinings Live Well Cleanse Tea Bags 18 Pack,$4.25 ,$0.24 / 1EA,/shop/productdetails/226882/twinings-live-well-cleanse-tea-bags
825615,Woolworths Thai Green Chicken Curry With Jasmine Rice 350g,$4.00 ,$1.14 / 100G,/shop/productdetails/825615/woolworths-thai-green-chicken-curry-with-jasmine-rice
34021,Harvest Sausages Vegetables 425g,$5.00 ,$11.76 / 1KG,/shop/productdetails/34021/harvest-sausages-vegetables
232270,Kraft Easy Mac & Cheese Macaroni Pasta Cheesy Chicken Box 280g,$4.70 ,$1.68 / 100G,/shop/productdetails/232270/kraft-easy-mac-cheese-macaroni-pasta-cheesy-chicken-box
19977,Old El Paso Enchilada Cooking Sauce Enchilada Sauce 375g,$6.00 ,$1.60 / 100G,/shop/productdetails/19977/old-el-paso-enchilada-cooking-sauce-enchilada-sauce
193723,Buontempo Gluten Free Pasta Penne 600g,$4.80 ,$0.80 / 100G,/shop/productdetails/193723/buontempo-gluten-free-pasta-penne
258051,Campbell's Real Stock Mushroom 1l,$2.25 ,$0.23 / 100ML,/shop/productdetails/258051/campbell-s-real-stock-mushroom
32775,Masterfoods Ground Paprika 35g,$2.90 ,$0.83 / 10G,/shop/productdetails/32775/masterfoods-ground-paprika
204569,The Dutch Company European Foods Rusks Toast 100g,$3.20 ,$3.20 / 100G,/shop/productdetails/204569/the-dutch-company-european-foods-rusks-toast
187797,Betty Crocker Milk Chocolate Chunk Cookie Mix 485g,$6.00 ,$1.24 / 100G,/shop/productdetails/187797/betty-crocker-milk-chocolate-chunk-cookie-mix
274865,F. Whitlock & Sons Louisiana Style Gumbo 420g,$2.00 ,$0.48 / 100G,/shop/productdetails/274865/f-whitlock-sons-louisiana-style-gumbo
122359,Mr Chen's Oyster Sauce 250ml,$2.85 ,$1.14 / 100ML,/shop/productdetails/122359/mr-chen-s-oyster-sauce
855607,Natvia Strawberry Fruit Spread 240g,$5.00 ,$2.08 / 100G,/shop/productdetails/855607/natvia-strawberry-fruit-spread
760480,Betty Crocker Vanilla Cupcake Mix Cupcake Mix 450g,$6.00 ,$1.33 / 100G,/shop/productdetails/760480/betty-crocker-vanilla-cupcake-mix-cupcake-mix
761556,Continental Classics Sour Cream & Chives Pasta & Sauce Family Pack 145g,$3.50 ,$2.41 / 100G,/shop/productdetails/761556/continental-classics-sour-cream-chives-pasta-sauce-family-pack
948511,Gourmet Garden Paste Ginger 80g,$4.00 ,$5.00 / 100G,/shop/productdetails/948511/gourmet-garden-paste-ginger
32503,Masterfoods Ground Ginger 25g,$2.90 ,$1.16 / 10G,/shop/productdetails/32503/masterfoods-ground-ginger
688508,Carman's Muesli Classic 875g,$9.50 ,$1.09 / 100G,/shop/productdetails/688508/carman-s-muesli-classic
59360,Fountain Thick Mint Sauce 250ml,$3.50 ,$1.40 / 100ML,/shop/productdetails/59360/fountain-thick-mint-sauce
89853,Twinings Pure Peppermint Tea Bags 40 Pack,$7.00 ,$0.18 / 1EA,/shop/productdetails/89853/twinings-pure-peppermint-tea-bags
948525,Gourmet Garden Paste Lemongrass 80g,$4.00 ,$5.00 / 100G,/shop/productdetails/948525/gourmet-garden-paste-lemongrass
188439,Woolworths Mandarin In Orange Flavoured Jelly Cups 4 Pack,$2.20 ,$4.58 / 1KG,/shop/productdetails/188439/woolworths-mandarin-in-orange-flavoured-jelly-cups
33305,Green's Pancake Mix Original Shake 375g,$3.50 ,$0.93 / 100G,/shop/productdetails/33305/green-s-pancake-mix-original-shake
684031,Macro Organic Light Coconut Cream 400ml,$2.10 ,$0.53 / 100ML,/shop/productdetails/684031/macro-organic-light-coconut-cream
152673,Sacla Organic Pesto Classic Basil 190g,$6.80 ,$3.58 / 100G,/shop/productdetails/152673/sacla-organic-pesto-classic-basil
583774,Aeroplane Dessert Mix Vanilla Flavour 100g,$1.50 ,$1.50 / 100G,/shop/productdetails/583774/aeroplane-dessert-mix-vanilla-flavour
114462,Always Fresh Cucumbers Baby 350g,$4.60 ,$13.14 / 1KG,/shop/productdetails/114462/always-fresh-cucumbers-baby
70348,Hoyts Seasoning Lemon & Pepper 50g,$2.60 ,$0.52 / 10G,/shop/productdetails/70348/hoyts-seasoning-lemon-pepper
53371,Hoyts Vanilla Beans Each,$7.50 ,$7.50 / 1EA,/shop/productdetails/53371/hoyts-vanilla-beans
701750,Kellogg's Special K Forest Berries Cereal 380g,$7.80 ,$2.05 / 100G,/shop/productdetails/701750/kelloggs-special-k-forest-berries-cereal
222361,Slendier Masala Instant Cup Noodles 65g,$5.20 ,$8.00 / 100G,/shop/productdetails/222361/slendier-masala-instant-cup-noodles
701726,Kellogg's Coco Pops Chex Breakfast Cereal 500g,$9.00 ,$1.80 / 100G,/shop/productdetails/701726/kelloggs-coco-pops-chex-breakfast-cereal
22885,Mckenzie's Dried Chickpeas 375g,$1.60 ,$0.43 / 100G,/shop/productdetails/22885/mckenzie-s-dried-chickpeas
464822,Always Fresh Capers Vinegar 230g,$3.50 ,$15.22 / 1KG,/shop/productdetails/464822/always-fresh-capers-vinegar
298979,Masterfoods Classic Gherkin Relish 260g,$4.00 ,$15.38 / 1KG,/shop/productdetails/298979/masterfoods-classic-gherkin-relish
744256,Pandaroo Lite Coconut Cream 400ml,$2.00 ,$0.50 / 100ML,/shop/productdetails/744256/pandaroo-lite-coconut-cream
26837,St Dalfour Wild Blueberry 284g 284g,$5.70 ,$2.01 / 100G,/shop/productdetails/26837/st-dalfour-wild-blueberry-284g
841674,Tung Chun Potato Starch 500g,$5.00 ,$1.00 / 100G,/shop/productdetails/841674/tung-chun-potato-starch
92553,Harris Coffee Beans Smooth 1kg,$26.00 ,$2.60 / 100G,/shop/productdetails/92553/harris-coffee-beans-smooth
305383,Hellmann's Real Mayo Jar Real Mayonnaise 400g,$7.50 ,$1.88 / 100G,/shop/productdetails/305383/hellmann-s-real-mayo-jar-real-mayonnaise
236716,Kewpie Mayonnaise 50% Reduced Fat 300g,$5.50 ,$1.83 / 100G,/shop/productdetails/236716/kewpie-mayonnaise-50-reduced-fat
68981,Macro Organic Gluten Free Penne 350g,$3.70 ,$1.06 / 100G,/shop/productdetails/68981/macro-organic-gluten-free-penne
85133,Nestle Top N Fill Caramel 395g,$5.90 ,$1.49 / 100G,/shop/productdetails/85133/nestle-top-n-fill-caramel
60166,Swizzels Squashies Original 160g,$4.00 ,$2.50 / 100G,/shop/productdetails/60166/swizzels-squashies-original
576706,Tilda Brown Basmati & Wild Rice Wholegrain Rice 250g,$3.50 ,$1.40 / 100G,/shop/productdetails/576706/tilda-brown-basmati-wild-rice-wholegrain-rice
35848,Ayam Fish Sauce 210ml,$4.00 ,$1.90 / 100ML,/shop/productdetails/35848/ayam-fish-sauce
342395,Capilano 100% Pure Australian Honey Twist & Squeeze 375g,$7.20 ,$1.92 / 100G,/shop/productdetails/342395/capilano-100-pure-australian-honey-twist-squeeze
34333,Edgell Australian Sliced Beetroot 825g,,,/shop/productdetails/34333/edgell-australian-sliced-beetroot
763259,Golden Circle Blended Fruit Puree Mango & Pineapple Lunch Box Pouch 120g,$1.80 ,$15.00 / 1KG,/shop/productdetails/763259/golden-circle-blended-fruit-puree-mango-pineapple-lunch-box-pouch
757562,Gravox Traditional Gravy Mix 29g,$1.50 ,$0.52 / 10G,/shop/productdetails/757562/gravox-traditional-gravy-mix-traditional
171712,So Good High Protein Almond 1l,$3.40 ,$3.40 / 1L,/shop/productdetails/171712/so-good-high-protein-almond
680048,Woolworths Tropical Flavour Jelly 4 Pack,$2.11 ,$4.40 / 1KG,/shop/productdetails/680048/woolworths-tropical-flavour-jelly
33429,Golden Circle Australian Canned Fruit Tinned Pineapple Slices In Syrup 450g,$4.40 ,$9.78 / 1KG,/shop/productdetails/33429/golden-circle-australian-canned-fruit-tinned-pineapple-slices-in-syrup
948491,Gourmet Garden Paste Garlic 80g,$4.00 ,$0.50 / 10G,/shop/productdetails/948491/gourmet-garden-paste-garlic
799368,Heinz Seriously Good Mayonnaise Original Mayo 500ml,$8.30 ,$1.66 / 100ML,/shop/productdetails/799368/heinz-seriously-good-mayonnaise-original-mayo
238035,Lee Kum Kee Weijixian Soy Sauce 500ml,$3.50 ,$0.70 / 100ML,/shop/productdetails/238035/lee-kum-kee-weijixian-soy-sauce
96804,Noya Almond Nut Butter 250g,$9.00 ,$3.60 / 100G,/shop/productdetails/96804/noya-almond-nut-butter
703413,Chang's Wok Ready Super Lo-cal Noodles 390g,$3.00 ,$0.77 / 100G,/shop/productdetails/703413/chang-s-wok-ready-super-lo-cal-noodles
222993,Gravox Lamb & Rosemary Liquid Gravy Pouch 165g,$2.80 ,$1.70 / 100G,/shop/productdetails/222993/gravox-lamb-rosemary-liquid-gravy-pouch
701707,Kellogg's Coco Pops Chocolatey Breakfast Cereal 650g,$10.00 ,$1.54 / 100G,/shop/productdetails/701707/kelloggs-coco-pops-chocolatey-breakfast-cereal
115138,Nescafe Coffee Sachets 98% Sugar Free Latte 10 Pack,$7.60 ,$0.76 / 1EA,/shop/productdetails/115138/nescafe-coffee-sachets-98-sugar-free-latte
296178,Rose's English Breakfast Marmalade 375g,$4.30 ,$1.15 / 100G,/shop/productdetails/296178/rose-s-english-breakfast-marmalade
157464,Vittoria Coffee Bags Mountain Grown 20 Pack,$12.50 ,$0.63 / 1EA,/shop/productdetails/157464/vittoria-coffee-bags-mountain-grown
261309,Always Fresh Capsicum Wood Roasted Piquillo Peppers 285g,$3.60 ,$12.63 / 1KG,/shop/productdetails/261309/always-fresh-capsicum-wood-roasted-piquillo-peppers
169395,F. Whitlock & Sons Yakitori Style Marinade 400ml,$5.50 ,$1.38 / 100ML,/shop/productdetails/169395/f-whitlock-sons-yakitori-style-marinade
238277,Masterfoods Garlic & Truffle Flavour No Rules Sauce 250ml,$4.80 ,$1.92 / 100ML,/shop/productdetails/238277/masterfoods-garlic-truffle-flavour-no-rules-sauce
116671,Barkers Butterscotch Caramel Sauce 365g,$4.50 ,$1.23 / 100G,/shop/productdetails/116671/barker-s-butterscotch-caramel-sauce
687778,L'or Lungo Profondo Coffee Capsules 20 Pack,$10.00 ,$0.50 / 1EA,/shop/productdetails/687778/l-or-lungo-profondo-coffee-capsules
199382,Sunrice Doongara Low Gi Brown Rice 1kg,$4.60 ,$0.46 / 100G,/shop/productdetails/199382/sunrice-doongara-low-gi-brown-rice
23030,Masterfoods Seasoning Spaghetti Bolognese 40g,$7.00 ,$1.75 / 10G,/shop/productdetails/23030/masterfoods-seasoning-spaghetti-bolognese
116403,San Remo Gluten Free Gnocchi 500g,$5.50 ,$1.10 / 100G,/shop/productdetails/116403/san-remo-gluten-free-gnocchi
32182,Vittoria Espressotoria Maragogype Coffee Capsules 12 Pack,$6.00 ,$0.50 / 1EA,/shop/productdetails/32182/vittoria-espressotoria-maragogype-coffee-capsules
810709,Woolworths Chicken Tikka Masala With Rice 350g,$4.00 ,$1.14 / 100G,/shop/productdetails/810709/woolworths-chicken-tikka-masala-with-rice
232587,Aunt Betty's Vanilla Flavoured Creamy Rice 4 Pack,$3.60 ,$0.90 / 100G,/shop/productdetails/232587/aunt-betty-s-vanilla-flavoured-creamy-rice
609551,Chang's Hoisin Sauce 280ml,$3.50 ,$1.25 / 100ML,/shop/productdetails/609551/chang-s-hoisin-sauce
193319,Cobram Estate Olive Oil Extra Virgin 375ml,$8.50 ,$2.27 / 100ML,/shop/productdetails/193319/cobram-estate-olive-oil-extra-virgin
169905,F. Whitlock & Sons Texas Bbq Style Marinade 400ml,$5.50 ,$1.38 / 100ML,/shop/productdetails/169905/f-whitlock-sons-texas-bbq-style-marinade
74920,La Molisana Pastifico Extra Di Lusso Farfalle Rigate 500g,$2.80 ,$0.56 / 100G,/shop/productdetails/74920/la-molisana-pastifico-extra-di-lusso-farfalle-rigate
38219,Lian Vietnamese Pho Rice Noodle Beef 70g,$2.80 ,$4.00 / 100G,/shop/productdetails/38219/lian-vietnamese-pho-rice-noodle-beef
240086,Supreme Noodles Mi Goreng Noodle Cup 70g,$1.00 ,$1.43 / 100G,/shop/productdetails/240086/supreme-noodles-mi-goreng-noodle-cup
79402,Lowan Rolled Wholegrain Oats 1kg,$3.90 ,$0.39 / 100G,/shop/productdetails/79402/lowan-rolled-wholegrain-oats
852265,Mckenzie's Lentil Soup Mix 375g,$2.30 ,$0.61 / 100G,/shop/productdetails/852265/mckenzie-s-lentil-soup-mix
308641,Nature's Cuppa Organic Spice Chai Tea Bags 50 Pack,$6.00 ,$0.12 / 1EA,/shop/productdetails/308641/nature-s-cuppa-organic-spice-chai-tea-bags
68083,Sashi's Secret Nasi Goreng Kit 340g,$6.00 ,$1.76 / 100G,/shop/productdetails/68083/sashi-s-secret-nasi-goreng-kit
707373,Woolworths Kaffir Lime Leaf Fresh Herb 10g Punnet,$3.20 ,$3.20 / 10G,/shop/productdetails/707373/woolworths-kaffir-lime-leaf-fresh-herb
717720,Ayam Malaysian Rendang Curry Paste 185g,$4.00 ,$2.16 / 100G,/shop/productdetails/717720/ayam-malaysian-rendang-curry-paste
174742,Patak's Butter Chicken Curry Paste 312g,$7.50 ,$2.40 / 100G,/shop/productdetails/174742/patak-s-butter-chicken-curry-paste-paste
58659,Woolworths Morello Cherries 680g,$3.15 ,$4.63 / 1KG,/shop/productdetails/58659/woolworths-morello-cherries
59121,Maesri Paste Masaman Curry 114g,$2.10 ,$1.84 / 100G,/shop/productdetails/59121/maesri-paste-masaman-curry
855447,Mayver's Unsalted Smunchy Peanut Butter 375g,$4.60 ,$1.23 / 100G,/shop/productdetails/855447/mayver-s-unsalted-smunchy-peanut-butter
216871,Mutti Gourmet Pasta Sauce Pizzutello Tomatoes Calabrian Chilli 400g,$5.00 ,$1.25 / 100G,/shop/productdetails/216871/mutti-gourmet-pasta-sauce-pizzutello-tomatoes-calabrian-chilli
137756,Plenty Heart Smart Safflower Cooking Oil 750ml,$6.80 ,$0.91 / 100ML,/shop/productdetails/137756/plenty-heart-smart-safflower-cooking-oil
252358,Always Fresh Pitted Kalamata Olives 670g,$8.50 ,$12.69 / 1KG,/shop/productdetails/252358/always-fresh-pitted-kalamata-olives
180307,Kikkoman Gluten Free Tonkatsu Sauce 235g,$3.40 ,$1.45 / 100G,/shop/productdetails/180307/kikkoman-gluten-free-tonkatsu-sauce
473744,Nando's Perinaise Hot Peri-peri Mayonnaise Sauce 265g,$4.80 ,$1.81 / 100G,/shop/productdetails/473744/nando-s-perinaise-hot-peri-peri-mayonnaise-sauce
251002,Woolworths Cloves Ground 30g,$3.35 ,$1.12 / 10G,/shop/productdetails/251002/woolworths-cloves-ground
274886,F. Whitlock & Sons Moroccan Spiced Carrot & Lentil Soup 420g,$2.00 ,$0.48 / 100G,/shop/productdetails/274886/f-whitlock-sons-moroccan-spiced-carrot-lentil-soup
109137,Mug Shot Creamy Cheese Pasta 68g,$1.00 ,$1.47 / 100G,/shop/productdetails/109137/mug-shot-creamy-cheese-pasta
189746,Aunt Betty's Saucy Centres Chocolate Puddings 2 Pack,$2.75 ,$1.38 / 100G,/shop/productdetails/189746/aunt-betty-s-saucy-centres-chocolate-puddings
26662,St Dalfour Black Cherry 284g 284g,$5.70 ,$2.01 / 100G,/shop/productdetails/26662/st-dalfour-black-cherry-284g
35398,Masterfoods Oregano Leaves 5g,$2.60 ,$5.20 / 10G,/shop/productdetails/35398/masterfoods-oregano-leaves
258248,Orion Turtle Chips Truffle 160g,$6.00 ,$3.75 / 100G,/shop/productdetails/258248/orion-turtle-chips-truffle
319321,Uncle Tobys Oat Crisp Almond Breakfast Cereal 415g,$6.00 ,$1.45 / 100G,/shop/productdetails/319321/uncle-tobys-oat-crisp-almond-breakfast-cereal
364554,Avofresh Soft Avocado Hint Of Lemon 160g Tube,,,/shop/productdetails/364554/avofresh-soft-avocado-hint-of-lemon
170005,F. Whitlock & Sons Sriracha Style Marinade 400ml,$5.50 ,$1.38 / 100ML,/shop/productdetails/170005/f-whitlock-sons-sriracha-style-marinade
428308,Kellogg's Corn Flakes Gluten Free Breakfast Cereal 270g,$5.60 ,$2.07 / 100G,/shop/productdetails/428308/kelloggs-corn-flakes-gluten-free-breakfast-cereal
647691,Fodmapped For You Roasted Pumpkin & Sage Soup 500g,$7.10 ,$1.42 / 100G,/shop/productdetails/647691/fodmapped-for-you-roasted-pumpkin-sage-soup
185243,Galiko All Natural Garlic Minced Jar 145g,$3.00 ,$2.07 / 100G,/shop/productdetails/185243/galiko-all-natural-garlic-minced-jar
72381,Masterfoods Red Wine Garlic Marinade 375g,$4.00 ,$1.07 / 100G,/shop/productdetails/72381/masterfoods-red-wine-garlic-marinade
166682,Masterfoods Vietnamese Style Hoisin Sauce 250ml,$4.50 ,$1.80 / 100ML,/shop/productdetails/166682/masterfoods-vietnamese-style-hoisin-sauce
804132,Dollar Sweets Icing Decorations Unicorn & Rainbow 12 Pack,$3.50 ,$38.89 / 100G,/shop/productdetails/804132/dollar-sweets-icing-decorations-unicorn-rainbow
292952,"Edgell Snack Time Chickpeas With Lemon, Tahini & Garlic 70g",$1.60 ,$2.29 / 100G,/shop/productdetails/292952/edgell-snack-time-chickpeas-with-lemon-tahini-garlic
700635,Macro Organic Vinegar Balsamic 4 Leaf 250ml,$6.00 ,$2.40 / 100ML,/shop/productdetails/700635/macro-organic-vinegar-balsamic-4-leaf
224632,Mr Chen's Thai Red Curry Paste 190g,$2.70 ,$1.42 / 100G,/shop/productdetails/224632/mr-chen-s-thai-red-curry-paste
97724,St Dalfour Strawberry & Rhubarb 284g 284g,$5.70 ,$2.01 / 100G,/shop/productdetails/97724/st-dalfour-strawberry-rhubarb-284g
1074032653,Sushi Nori Roasted Seaweed 50 Sheets 125g,$44.79 ,,/shop/productdetails/1074032653/sushi-nori-roasted-seaweed-50-sheets-125g
345959,Cobram Estate Extra Virgin Olive Oil Garlic Infused 250ml,$7.70 ,$3.08 / 100ML,/shop/productdetails/345959/cobram-estate-extra-virgin-olive-oil-garlic-infused
840611,Masterfoods Carbonara Recipe Base 170g,$2.80 ,$1.65 / 100G,/shop/productdetails/840611/masterfoods-carbonara-recipe-base
252068,Sunrice Microwaveable Black Rice 250g,$3.50 ,$1.40 / 100G,/shop/productdetails/252068/sunrice-microwaveable-black-rice
199486,Cobram Estate Truffle Infused Olive Oil 250ml,$9.50 ,$3.80 / 100ML,/shop/productdetails/199486/cobram-estate-truffle-infused-olive-oil
880522,Nando's Perinaise Mild Peri-peri Mayonnaise Sauce 465g,$7.30 ,$1.57 / 100G,/shop/productdetails/880522/nando-s-perinaise-mild-peri-peri-mayonnaise-sauce
329102,Uncle Tobys Oat Flakes Breakfast Cereal Flakes 640g,$6.00 ,$0.94 / 100G,/shop/productdetails/329102/uncle-tobys-oat-flakes-breakfast-cereal-flakes
9228,Fehlbergs Burger Pickles 490g,$5.00 ,$10.20 / 1KG,/shop/productdetails/9228/fehlbergs-burger-pickles
222992,Gravox Brown Onion Liquid Gravy Pouch 165g,$2.80 ,$1.70 / 100G,/shop/productdetails/222992/gravox-brown-onion-liquid-gravy-pouch-brown-onion
20399,Hoyts Coriander Seed Whole 25g,$1.55 ,$0.62 / 10G,/shop/productdetails/20399/hoyts-coriander-seed-whole
17628,St Dalfour Orange Marmalade 284g 284g,$5.70 ,$2.01 / 100G,/shop/productdetails/17628/st-dalfour-orange-marmalade-284g
222416,The Rice Company Japanese Sushi Rice 500g,$5.00 ,$1.00 / 100G,/shop/productdetails/222416/trc-japanese-sushi-rice-500g-the-rice-company-japanese-sushi-rice
277558,Sa Gourmet Food Co Aussie Beef & Vegetable Soup 430g,$3.00 ,$0.70 / 100G,/shop/productdetails/277558/sa-gourmet-food-co-aussie-beef-vegetable-soup
645899,Woolworths Whole Cumin Seeds 36g,$2.90 ,$0.81 / 10G,/shop/productdetails/645899/woolworths-whole-cumin-seeds
123905,La Molisana Extra Di Lusso Egg Pappardelle 250g,$3.50 ,$1.40 / 100G,/shop/productdetails/123905/la-molisana-extra-di-lusso-egg-pappardelle
247965,Sunbeam Strawberry Yoghurt Coated Sultanas 30g X 6 Pack,$5.00 ,$27.78 / 1KG,/shop/productdetails/247965/sunbeam-strawberry-yoghurt-coated-sultanas
200247,"Ben's Original Fibre+ Beans, Garlic & Brown Rice 180g",$3.50 ,$1.94 / 100G,/shop/productdetails/200247/ben-s-original-fibre-beans-garlic-brown-rice
502955,Bertolli Olive Oil Light In Taste 750ml,,,/shop/productdetails/502955/bertolli-olive-oil-light-in-taste
184937,Arnold's Farm Granola Pink Lady Apple & Cinnamon 700g,$5.00 ,$0.71 / 100G,/shop/productdetails/184937/arnold-s-farm-granola-pink-lady-apple-cinnamon
185242,Galiko All Natural Ginger Minced Jar 145g,$3.00 ,$2.07 / 100G,/shop/productdetails/185242/galiko-all-natural-ginger-minced-jar
250819,The Spice Tailor Southern Chettinad Curry 300g,$3.10 ,$1.03 / 100G,/shop/productdetails/250819/the-spice-tailor-southern-chettinad-curry
33811,Bushells Lan Choo Loose Leaf Tea 250g,$3.60 ,$1.44 / 100G,/shop/productdetails/33811/bushells-lan-choo-loose-leaf-tea
291935,Cottee's Blackberry Jam 375g,$2.80 ,$0.75 / 100G,/shop/productdetails/291935/cottee-s-blackberry-jam
294265,Woolworths Jelly Strawberry 85g,,,/shop/productdetails/294265/woolworths-jelly-strawberry
473749,Nando's Medium Peri-peri Chilli Sauce Peri Peri Sauce 250g,$6.80 ,$2.72 / 100G,/shop/productdetails/473749/nando-s-medium-peri-peri-chilli-sauce-peri-peri-sauce
147626,Dollar Sweets Polka Dot Patty Pans Assorted 100 Pack,$2.50 ,$0.03 / 1EA,/shop/productdetails/147626/dollar-sweets-polka-dot-patty-pans-assorted
221580,Essentials Olive Oil Spray 400g,$6.50 ,$1.63 / 100G,/shop/productdetails/221580/essentials-olive-oil-spray
345992,Gravox Cheese Sauce Liquid Pouch 165g,$2.80 ,$1.70 / 100G,/shop/productdetails/345992/gravox-cheese-sauce-liquid-pouch-cheese
207794,Pantalica Parmesan Cheese 100g,$3.20 ,$32.00 / 1KG,/shop/productdetails/207794/pantalica-parmesan-cheese
215462,Macro Organic Plain Flour 1kg,$4.50 ,$4.50 / 1KG,/shop/productdetails/215462/macro-organic-plain-flour
302643,Cobram Estate Extra Virgin Rich & Robust Olive Oil 375ml,$8.50 ,$2.27 / 100ML,/shop/productdetails/302643/cobram-estate-extra-virgin-rich-robust-olive-oil
204294,Woolworths Onions Cocktail 500g,$2.50 ,$5.00 / 1KG,/shop/productdetails/204294/woolworths-onions-cocktail
94610,Hoyts Onion Dried 40g,$2.00 ,$0.50 / 10G,/shop/productdetails/94610/hoyts-onion-dried
44782,Masterfoods Chilli Flakes 18g,$3.30 ,$1.83 / 10G,/shop/productdetails/44782/masterfoods-chilli-flakes
95117,Pana Organic Hazelnut & Chocolate Spread 200g,$7.00 ,$3.50 / 100G,/shop/productdetails/95117/pana-organic-hazelnut-chocolate-spread
164984,Praise French Dressing 99% Fat Free 330ml,$3.00 ,$0.91 / 100ML,/shop/productdetails/164984/praise-french-dressing-99-fat-free
484311,Always Fresh Black Olives Pitted 220g,$3.40 ,$1.55 / 100G,/shop/productdetails/484311/always-fresh-black-olives-pitted
215943,Sanitarium Crunchy No Added Sugar Or Salt Peanut Butter 500g,$4.00 ,$0.80 / 100G,/shop/productdetails/215943/sanitarium-crunchy-no-added-sugar-or-salt-peanut-butter
47893,Annalisa Beans Borlotti 400g,$1.90 ,$0.48 / 100G,/shop/productdetails/47893/annalisa-beans-borlotti
760464,Betty Crocker Vanilla Cake Mix Cake Mix 540g,$6.00 ,$1.11 / 100G,/shop/productdetails/760464/betty-crocker-vanilla-cake-mix-cake-mix
89565,Three Threes Olives Stuffed 500g,$4.50 ,$9.00 / 1KG,/shop/productdetails/89565/three-threes-olives-stuffed
298956,Always Fresh Cucumbers Bread & Butter 700g,$4.60 ,$6.57 / 1KG,/shop/productdetails/298956/always-fresh-cucumbers-bread-butter
68742,Mingle Butter Chicken Spice Blend 30g,$1.95 ,$0.65 / 10G,/shop/productdetails/68742/mingle-butter-chicken-spice-blend
35816,Ayam Plum Sauce 210ml,$4.00 ,$1.90 / 100ML,/shop/productdetails/35816/ayam-plum-sauce
370440,Moro Light Taste Olive Oil 1l,$18.00 ,$1.80 / 100ML,/shop/productdetails/370440/moro-light-taste-olive-oil
170029,F. Whitlock & Sons Barbecue Bbq Mustard Thick Sauce 250ml,$4.50 ,$1.80 / 100ML,/shop/productdetails/170029/f-whitlock-sons-barbecue-bbq-mustard-thick-sauce
721421,Living Planet Uht Goats Milk 1l,$4.70 ,$4.70 / 1L,/shop/productdetails/721421/living-planet-uht-goats-milk
219995,Macro Organic Brown Rice 750g,$3.50 ,$0.47 / 100G,/shop/productdetails/219995/macro-organic-brown-rice
39950,Crisco Sunflower Oil 750ml,$7.50 ,$1.00 / 100ML,/shop/productdetails/39950/crisco-sunflower-oil
281032,Frisp Baby Corn Pieces 425g,$2.00 ,$0.48 / 100G,/shop/productdetails/281032/frisp-baby-corn-pieces
687776,L'or Espresso Onyx Coffee Capsules 20 Pack,$10.00 ,$0.50 / 1EA,/shop/productdetails/687776/l-or-espresso-onyx-coffee-capsules
490083,Nestle Bakers' Choice White Choc Bits 200g,$3.50 ,$1.75 / 100G,/shop/productdetails/490083/nestle-bakers-choice-white-choc-bits
307473,Passage To Asia Thai Basil & Sweet Chili 200g,$3.50 ,$1.75 / 100G,/shop/productdetails/307473/passage-to-asia-thai-basil-sweet-chili
603799,L'or Espresso Ristretto Coffee Capsule 10 Pack,$5.50 ,$0.55 / 1EA,/shop/productdetails/603799/l-or-espresso-ristretto-coffee-capsule
208938,Carman's No Added Sugar Porridge Sachets Raspberry & Vanilla 320g,$5.00 ,$1.56 / 100G,/shop/productdetails/208938/carman-s-no-added-sugar-porridge-sachets-raspberry-vanilla
689896,Sandhurst Baby Cucumbers 500g,$4.00 ,$8.00 / 1KG,/shop/productdetails/689896/sandhurst-baby-cucumbers
198861,Amy's Kitchen Canned Organic Minestrone Soup 405g,$3.90 ,$0.96 / 100G,/shop/productdetails/198861/amy-s-kitchen-canned-organic-minestrone-soup
87997,Continental Recipe Base Creamy Chicken Curry 30g,$1.80 ,$6.00 / 100G,/shop/productdetails/87997/continental-recipe-base-creamy-chicken-curry
94631,Hoyts Chives 15g,$2.40 ,$1.60 / 10G,/shop/productdetails/94631/hoyts-chives
57200,Ayam Coconut Cream Light 270ml,$2.90 ,$1.07 / 100ML,/shop/productdetails/57200/ayam-coconut-cream-light
91304,Defiance White Baker's Flour 5kg,$10.00 ,$2.00 / 1KG,/shop/productdetails/91304/defiance-white-baker-s-flour
445815,Just Foods Crushed Ginger Organic 185g,$2.99 ,$0.16 / 10G,/shop/productdetails/445815/just-foods-crushed-ginger-organic
92157,Masterfoods Lemon Pepper Seasoning 170ml,$6.00 ,$0.35 / 10G,/shop/productdetails/92157/masterfoods-lemon-pepper-seasoning
825617,Woolworths Chicken Massaman With Jasmine Rice 350g,$4.00 ,$1.14 / 100G,/shop/productdetails/825617/woolworths-chicken-massaman-with-jasmine-rice
346896,Republica Organic Instant Coffee 100% Pure Decaffeinated 100g,$11.00 ,$11.00 / 100G,/shop/productdetails/346896/republica-organic-instant-coffee-100-pure-decaffeinated
187781,Betty Crocker Blueberry Low Fat Muffin Mix Muffin Mix 500g,$6.00 ,$1.20 / 100G,/shop/productdetails/187781/betty-crocker-blueberry-low-fat-muffin-mix-muffin-mix
798251,Guzzi's Fettuccine 375g,$5.65 ,$1.51 / 100G,/shop/productdetails/798251/guzzi-s-fettuccine
36349,Masterfoods Dried Mixed Herbs 10g,$2.90 ,$2.90 / 10G,/shop/productdetails/36349/masterfoods-dried-mixed-herbs
218039,Mutti Gourmet Pasta Sauce Cherry Tomatoes With Leccino Olives 400g,$5.00 ,$1.25 / 100G,/shop/productdetails/218039/mutti-gourmet-pasta-sauce-cherry-tomatoes-with-leccino-olives
216868,Mutti Gourmet Pasta Sauce Rossoro Tomatoes Grilled Vegetables 400g,$5.00 ,$1.25 / 100G,/shop/productdetails/216868/mutti-gourmet-pasta-sauce-rossoro-tomatoes-grilled-vegetables
59025,Patak's Rogan Josh Curry Paste 283g,$7.50 ,$2.65 / 100G,/shop/productdetails/59025/patak-s-rogan-josh-curry-paste-paste
753976,Woolworths Pure Honey Twist & Squeeze 375g,$5.50 ,$1.47 / 100G,/shop/productdetails/753976/woolworths-pure-honey-twist-squeeze
434917,Woolworths Nespresso Compatible Coffee Capsules Medium 10 Pack,$3.80 ,$0.38 / 1EA,/shop/productdetails/434917/woolworths-nespresso-compatible-coffee-capsules-medium
580634,Patak's Spicy Butter Chicken Simmer Sauce 450g,$2.75 ,$0.61 / 100G,/shop/productdetails/580634/patak-s-spicy-butter-chicken-simmer-sauce
126650,Mayver's Crunchy Peanut Butter 750g,$9.80 ,$1.31 / 100G,/shop/productdetails/126650/mayver-s-crunchy-peanut-butter
174480,Moccona Coffee Sachets Latte 10 Pack,$3.50 ,$0.35 / 1EA,/shop/productdetails/174480/moccona-coffee-sachets-latte
894688,Macro Organic Honey 400g,$7.00 ,$1.75 / 100G,/shop/productdetails/894688/macro-organic-honey
5665,Aeroplane Jelly Lite Strawberry Flavour Low Calorie Jelly Crystals 2x9g,$2.00 ,$11.11 / 100G,/shop/productdetails/5665/aeroplane-jelly-lite-strawberry-flavour-low-calorie-jelly-crystals
700110,Maggi Fusian Mi Goreng Soy & Mild Spice Flavour Instant Noodles 5 Pack,$5.00 ,$1.39 / 100G,/shop/productdetails/700110/maggi-fusian-mi-goreng-soy-mild-spice-flavour-instant-noodles
335088,Macro Organic Shredded Coconut 200g,$4.40 ,$22.00 / 1KG,/shop/productdetails/335088/macro-organic-shredded-coconut
445340,Masterfoods Savoury Mince Recipe Base 175g,$2.80 ,$1.60 / 100G,/shop/productdetails/445340/masterfoods-savoury-mince-recipe-base
118118,Saxa Black Whole Peppercorns Pepper 190g,$7.00 ,$0.37 / 10G,/shop/productdetails/118118/saxa-black-whole-peppercorns-pepper
669772,Woolworths Raspberry Flavoured Jelly In Pouch 95g,$0.95 ,$10.00 / 1KG,/shop/productdetails/669772/woolworths-raspberry-flavoured-jelly-in-pouch
701943,Nando's Lemon & Herb Peri-peri Quick Marinade 260g,$4.00 ,$1.54 / 100G,/shop/productdetails/701943/nando-s-lemon-herb-peri-peri-quick-marinade
815454,Zwan Chicken Luncheon Meat Halal 200g,$3.50 ,$1.75 / 100G,/shop/productdetails/815454/zwan-chicken-luncheon-meat-halal
841672,Mamee Chef Tom Yam Cup 72g,$2.50 ,$3.47 / 100G,/shop/productdetails/841672/mamee-chef-tom-yam-cup
257879,Red Island Extra Virgin Olive Oil Cold Pressed 1l,$20.00 ,$2.00 / 100ML,/shop/productdetails/257879/red-island-extra-virgin-olive-oil-cold-pressed
17347,St Dalfour Apricot 284g 284g,$5.70 ,$2.01 / 100G,/shop/productdetails/17347/st-dalfour-apricot-284g
256866,Vegeta Vegetable Stock Pot 4 Pack,$4.00 ,$0.36 / 10G,/shop/productdetails/256866/vegeta-vegetable-stock-pot
214764,Woolworths Australian Lime Juice 250ml,$1.87 ,$0.75 / 100ML,/shop/productdetails/214764/woolworths-australian-lime-juice
726372,Woolworths Figs 375g,$4.40 ,$11.73 / 1KG,/shop/productdetails/726372/woolworths-figs
82871,Bickford's Iced Coffee Syrup 500ml,$6.00 ,$1.20 / 100ML,/shop/productdetails/82871/bickford-s-iced-coffee-syrup
129038,Woolworths Wild Alaskan Salmon & Spaghetti Basil Pesto Sauce 170g,$3.50 ,$20.59 / 1KG,/shop/productdetails/129038/woolworths-wild-alaskan-salmon-spaghetti-basil-pesto-sauce
94614,Hoyts Paprika Hot 50g,$1.75 ,$0.35 / 10G,/shop/productdetails/94614/hoyts-paprika-hot
73499,Praise Mayonnaise Traditional Creamy 700g,$6.00 ,$0.86 / 100G,/shop/productdetails/73499/praise-mayonnaise-traditional-creamy
232003,Arnott's Scotch Finger 50% Less Sugar Plain Biscuits 232g,$4.70 ,$2.03 / 100G,/shop/productdetails/232003/arnott-s-scotch-finger-50-less-sugar-plain-biscuits
63083,Bonne Maman Apricot Jam 370g,$5.50 ,$1.49 / 100G,/shop/productdetails/63083/bonne-maman-apricot-jam
813466,Dole Pineapple Pieces In Juice 822g,$5.25 ,$6.39 / 1KG,/shop/productdetails/813466/dole-pineapple-pieces-in-juice
321001,Table Of Plenty Dried Spices Dukkah Pistachio 45g,$3.95 ,$0.88 / 10G,/shop/productdetails/321001/table-of-plenty-dried-spices-dukkah-pistachio
634893,Hellmann's Real Mayonnaise Jar 800g,$11.00 ,$1.38 / 100G,/shop/productdetails/634893/hellmann-s-real-mayonnaise-jar
289612,Lucky Slivered Almonds 110g,$4.50 ,$40.91 / 1KG,/shop/productdetails/289612/lucky-slivered-almonds
815873,Woolworths Dried Goji Berries 150g,$4.70 ,$31.33 / 1KG,/shop/productdetails/815873/woolworths-dried-goji-berries
773744,Dollar Sweets Decoration Rainbow Poppng Topping 150g,$3.00 ,$2.00 / 100G,/shop/productdetails/773744/dollar-sweets-decoration-rainbow-poppng-topping
274907,F. Whitlock & Sons Peri Peri Chicken Soup 420g,$2.00 ,$0.48 / 100G,/shop/productdetails/274907/f-whitlock-sons-peri-peri-chicken-soup
159190,Avalanche 99% Sugar Free Chai Latte 10 Pack,$5.50 ,$0.55 / 1EA,/shop/productdetails/159190/avalanche-99-sugar-free-chai-latte
490082,Nestle Bakers' Choice Milk Choc Bits 200g,$3.50 ,$1.75 / 100G,/shop/productdetails/490082/nestle-bakers-choice-milk-choc-bits
278497,Trident Miso Flavour Noodle Soup 50g,$1.25 ,$2.50 / 100G,/shop/productdetails/278497/trident-miso-flavour-noodle-soup
57132,Natural Whole Black Peppercorns Grinder Refill 180g,$7.00 ,$0.39 / 10G,/shop/productdetails/57132/natural-whole-black-peppercorns-grinder-refill
120122,So Soft Marshmallow Minis 100g,,,/shop/productdetails/120122/so-soft-marshmallow-minis
91420,Vittoria Family Cup Nespresso Compatible Coffee Capsules Pack 10,$5.50 ,$0.55 / 1EA,/shop/productdetails/91420/vittoria-family-cup-nespresso-compatible-coffee-capsules
262151,Woolworths Dolmades Traditional Traditional 280g,$3.50 ,$12.50 / 1KG,/shop/productdetails/262151/woolworths-dolmades-traditional-traditional
147757,Beechworth 100% Pure Australian Honey Jar 500g,$8.50 ,$1.70 / 100G,/shop/productdetails/147757/beechworth-100-pure-australian-honey-jar
89757,Macro Natural Seed Mix With Pine Nuts 250g,$5.50 ,$22.00 / 1KG,/shop/productdetails/89757/macro-natural-seed-mix-with-pine-nuts
609556,Jordans Simply Crunchy Oat Granola Honey 750g,$4.25 ,$0.57 / 100G,/shop/productdetails/609556/jordans-simply-crunchy-oat-granola-honey
170759,Maggie Beer Natural Beef Bone Broth 500ml,$6.20 ,$1.24 / 100ML,/shop/productdetails/170759/maggie-beer-natural-beef-bone-broth
49275,Moccona Freeze Dried Instant Coffee Classic Decaffeinated 100g,$12.50 ,$12.50 / 100G,/shop/productdetails/49275/moccona-freeze-dried-instant-coffee-classic-decaffeinated
97190,Hoyts Chilli Dry 25g,$2.20 ,$0.88 / 10G,/shop/productdetails/97190/hoyts-chilli-dry
427868,Madura Organic English Breakfast Tea Bags 100ea,$12.00 ,$0.12 / 1EA,/shop/productdetails/427868/madura-organic-english-breakfast-tea-bags
212641,Woolworths Lemon & Herb Panko Crumbs 200g,$2.30 ,$0.12 / 10G,/shop/productdetails/212641/woolworths-lemon-herb-panko-crumbs
687786,Moccona Barista Reserve Coffee Capsules Latte 12 10 Pack,$5.00 ,$0.50 / 1EA,/shop/productdetails/687786/moccona-barista-reserve-coffee-capsules-latte-12
766230,Praise Aioli Mayonnaise Deli Style Chipotle 250ml,$4.50 ,$1.80 / 100ML,/shop/productdetails/766230/praise-aioli-mayonnaise-deli-style-chipotle
446456,Maggi Dry Recipe Bases Apricot Chicken 35g,$1.75 ,$5.00 / 100G,/shop/productdetails/446456/maggi-dry-recipe-bases-apricot-chicken
761064,Sandhurst Kalamata Olives Pitted 300g,$3.90 ,$13.00 / 1KG,/shop/productdetails/761064/sandhurst-kalamata-olives-pitted
701725,Kellogg's All-bran Wheat Flakes Breakfast Cereal 330g,$6.50 ,$1.97 / 100G,/shop/productdetails/701725/kelloggs-all-bran-wheat-flakes-breakfast-cereal
148146,Nestle Milo Protein Breakfast Cereal 600g,$7.00 ,$1.17 / 100G,/shop/productdetails/148146/nestle-milo-protein-breakfast-cereal
138232,La Molisana Pomodoro Extra Di Lusso Vegan Bolognese 340g,$2.50 ,$0.74 / 100G,/shop/productdetails/138232/la-molisana-pomodoro-extra-di-lusso-vegan-bolognese
6247,Moccona Ristretto 200g,$17.00 ,$8.50 / 100G,/shop/productdetails/6247/moccona-ristretto
199670,Pasta Roma Gluten Free Macaroni 350g,$4.50 ,$1.29 / 100G,/shop/productdetails/199670/pasta-roma-gluten-free-macaroni
739241,Sandhurst Artichoke Marinated 170g,$3.70 ,$21.76 / 1KG,/shop/productdetails/739241/sandhurst-artichoke-marinated
805852,White Wings Cake In A Cup Cinnamon Donut 220g,$2.50 ,$1.14 / 100G,/shop/productdetails/805852/white-wings-cake-in-a-cup-cinnamon-donut
122273,Miso Tasty Rich & Tangy Yuzu Sauce 100g,$3.50 ,$3.50 / 100G,/shop/productdetails/122273/miso-tasty-rich-tangy-yuzu-sauce
743586,Passage To Asia Singapore Noodles 200g,$3.50 ,$1.75 / 100G,/shop/productdetails/743586/passage-to-asia-singapore-noodles
262890,Chicken Tonight Creamy Cheese & Bacon Flavour 490g,$3.60 ,$0.73 / 100G,/shop/productdetails/262890/chicken-tonight-creamy-cheese-bacon-flavour
771059,Golden Circle Beetroot Whole Baby 440g,$3.50 ,$7.95 / 1KG,/shop/productdetails/771059/golden-circle-beetroot-whole-baby
801106,Golden Circle Tropical Pineapple Pieces Canned Tinned Fruit Can Tin 425g,$3.10 ,$7.29 / 1KG,/shop/productdetails/801106/golden-circle-tropical-pineapple-pieces-canned-tinned-fruit-can-tin
297221,Gravox Peppercorn With Cream Sauce Liquid Pouch 165g,$2.80 ,$1.70 / 100G,/shop/productdetails/297221/gravox-peppercorn-with-cream-sauce-liquid-pouch
370240,Mckenzie's French Style Lentils 375g,$2.30 ,$0.61 / 100G,/shop/productdetails/370240/mckenzie-s-french-style-lentils
797820,Pukka Night Time Tea Bags 20 Pack,$8.25 ,$0.41 / 1EA,/shop/productdetails/797820/pukka-night-time-tea-bags
39336,Lee Kum Kee Sauce Hoi Sin 240g,$4.30 ,$1.79 / 100G,/shop/productdetails/39336/lee-kum-kee-sauce-hoi-sin
33976,Hamper Corned Beef Original Canned Meat 340g,$8.20 ,$24.12 / 1KG,/shop/productdetails/33976/hamper-corned-beef-original-canned-meat
842157,La Costena Refried Pinto Beans 400g,$3.50 ,$0.88 / 100G,/shop/productdetails/842157/la-costena-refried-pinto-beans
104499,Praise Vegan Mayo 360g,$5.00 ,$1.39 / 100G,/shop/productdetails/104499/praise-vegan-mayo
45323,Maesri Paste Green Curry 114g,$2.10 ,$1.84 / 100G,/shop/productdetails/45323/maesri-paste-green-curry
203867,Woolworths Oat Bran 500g,$2.00 ,$0.40 / 100G,/shop/productdetails/203867/woolworths-oat-bran
269871,Barkers Anathoth Farm Three Berry Jam 455g,$6.30 ,$1.38 / 100G,/shop/productdetails/269871/barker-s-anathoth-farm-three-berry-jam
492142,Golden Circle Blended Fruit Puree Berry & Apple Blackcurrant Lunchbox 120g,$1.80 ,$15.00 / 1KG,/shop/productdetails/492142/golden-circle-blended-fruit-puree-berry-apple-blackcurrant-lunchbox
753947,Katoomba Ingredients Red Lentils 1kg,$3.50 ,$0.35 / 100G,/shop/productdetails/753947/katoomba-ingredients-red-lentils
276841,Rosella Tomato Roasted Pepper Soup 390g,$2.80 ,$0.72 / 100G,/shop/productdetails/276841/rosella-tomato-roasted-pepper-soup
43114,Rosella White Cocktail Onions 150g,$2.50 ,$16.67 / 1KG,/shop/productdetails/43114/rosella-white-cocktail-onions
184985,Twinings Asha Spiced Ginger Cardamom & Cinnamon Tea 18 Pack,$7.50 ,$0.42 / 1EA,/shop/productdetails/184985/twinings-asha-spiced-ginger-cardamom-cinnamon-tea
210354,Hoyts Italian Herb Mix 35g,$3.20 ,$0.91 / 10G,/shop/productdetails/210354/hoyts-italian-herb-mix
554677,Lavazza A Modo Mio Delizioso Coffee Capsules 16 Pack,$7.50 ,$0.47 / 1EA,/shop/productdetails/554677/lavazza-a-modo-mio-delizioso-coffee-capsules
32506,Masterfoods Nutmeg Ground 30g,$3.70 ,$1.23 / 10G,/shop/productdetails/32506/masterfoods-nutmeg-ground
731766,S&b Japanese Style Mil Curry Sauce With Vegetables 210g,$3.00 ,$1.43 / 100G,/shop/productdetails/731766/s-b-japanese-style-mil-curry-sauce-with-vegetables
94627,Hoyts Basil 15g,$2.15 ,$1.43 / 10G,/shop/productdetails/94627/hoyts-basil
189581,Aunt Betty's Saucy Centres Salted Caramel Puddings 2 Pack,$2.75 ,$1.38 / 100G,/shop/productdetails/189581/aunt-betty-s-saucy-centres-salted-caramel-puddings
333358,Golden Circle Canned Vegetables Diced Beetroot Cans 450g,,,/shop/productdetails/333358/golden-circle-canned-vegetables-diced-beetroot-cans
234426,Mr Chen's Dark Soy Sauce 250ml,$2.85 ,$1.14 / 100ML,/shop/productdetails/234426/mr-chen-s-dark-soy-sauce
294263,Woolworths Jelly Lime 85g,,,/shop/productdetails/294263/woolworths-jelly-lime
669983,Woolworths Strawberry Flavoured Jelly In Pouch 95g,$0.95 ,$10.00 / 1KG,/shop/productdetails/669983/woolworths-strawberry-flavoured-jelly-in-pouch
46731,Bega Peanut Butter Crunchy 200g,$3.50 ,$1.75 / 100G,/shop/productdetails/46731/bega-peanut-butter-crunchy
233952,Calbee Harvest Snaps Tasty Toppers Chilli & Lime Flavour 60g,$3.30 ,$5.50 / 100G,/shop/productdetails/233952/calbee-harvest-snaps-tasty-toppers-chilli-lime-flavour
307864,Twinings English Breakfast Tea Bags Decaffeinated 80 Pack,$13.50 ,$0.17 / 1EA,/shop/productdetails/307864/twinings-english-breakfast-tea-bags-decaffeinated
813880,Cadbury Baking White Chocolate Block 180g,$3.50 ,$1.94 / 100G,/shop/productdetails/813880/cadbury-baking-white-chocolate-block
99049,Marion's Kitchen Thai Green Curry Cooking Kit 419g,$8.50 ,$2.03 / 100G,/shop/productdetails/99049/marion-s-kitchen-thai-green-curry-cooking-kit
248520,Moccona Freeze Dried Instant Coffee Classic Dark Roast 200g,$16.00 ,$8.00 / 100G,/shop/productdetails/248520/moccona-freeze-dried-instant-coffee-classic-dark-roast
186117,Passage To India Simmer Sauce Rogan Josh 375g,$5.70 ,$1.52 / 100G,/shop/productdetails/186117/passage-to-india-simmer-sauce-rogan-josh
699577,Csr All Natural Buttercream Icing Mix Vanilla 250g,$3.00 ,$1.20 / 100G,/shop/productdetails/699577/csr-all-natural-buttercream-icing-mix-vanilla
202915,Kellogg's Crunchy Nut Corn Flakes Breakfast Cereal 640g,$10.00 ,$1.56 / 100G,/shop/productdetails/202915/kelloggs-crunchy-nut-corn-flakes-breakfast-cereal
127012,Mayver's Smooth Peanut Butter 750g,$9.80 ,$1.31 / 100G,/shop/productdetails/127012/mayver-s-smooth-peanut-butter
6082,Aeroplane Original Port Wine Flavoured Jelly 85g,$1.10 ,$1.29 / 100G,/shop/productdetails/6082/aeroplane-original-port-wine-flavoured-jelly
246598,Green's Pudding Lemon Sponge 260g,$3.50 ,$1.35 / 100G,/shop/productdetails/246598/green-s-pudding-lemon-sponge
661509,Green's Red Velvet Cupcake Mix 410g,$5.00 ,$1.22 / 100G,/shop/productdetails/661509/green-s-red-velvet-cupcake-mix
94628,Hoyts Caraway Seeds 15g,$1.80 ,$1.20 / 10G,/shop/productdetails/94628/hoyts-caraway-seeds
94223,Paul Newman's Dressings Classic Salad 250ml,$4.00 ,$1.60 / 100ML,/shop/productdetails/94223/paul-newman-s-dressings-classic-salad
235607,"Campbell's Real Stock Flavour Boost Red Wine, Tomato & Basil 250ml",$4.00 ,$1.60 / 100ML,/shop/productdetails/235607/campbell-s-real-stock-flavour-boost-red-wine-tomato-basil
141504,Whole Earth Icing Sugar Replacement 220g,$8.90 ,$4.05 / 100G,/shop/productdetails/141504/whole-earth-icing-sugar-replacement
841347,Dole Premium Pineapple Slices In Syrup 439g,$2.50 ,$5.69 / 1KG,/shop/productdetails/841347/dole-premium-pineapple-slices-in-syrup
762239,Lee Kum Kee Sauce Stir Fry Hoisin 260g,$3.15 ,$1.21 / 100G,/shop/productdetails/762239/lee-kum-kee-sauce-stir-fry-hoisin
579736,Maggi Side Dishes Cheese And Bacon Potato Bake 21g,$1.75 ,$8.33 / 100G,/shop/productdetails/579736/maggi-side-dishes-cheese-and-bacon-potato-bake
40313,Erawan Rice Stick Medium 375g,$3.00 ,$0.80 / 100G,/shop/productdetails/40313/erawan-rice-stick-medium
54768,Gravox Supreme Chicken Gravy Mix 29g,$1.50 ,$0.52 / 10G,/shop/productdetails/54768/gravox-supreme-chicken-gravy-mix-instant-supreme-chicken
875796,Ito En Oi Ocha Green Tea Unsweetened 500ml,$2.85 ,$0.57 / 100ML,/shop/productdetails/875796/ito-en-oi-ocha-green-tea-unsweetened
579712,Capilano 100% Pure Australian Honey Active Manuka Mgo30+ Squeeze 340g,$10.00 ,$2.94 / 100G,/shop/productdetails/579712/capilano-100-pure-australian-honey-active-manuka-mgo30-squeeze
305008,Ritter Sport Dark Whole Hazelnuts Whole Hazelnut 100g,$4.20 ,$4.20 / 100G,/shop/productdetails/305008/ritter-sport-dark-whole-hazelnuts-whole-hazelnut
175685,Moccona Coffee Sachets Cappuccino 30 Pack,$12.00 ,$0.40 / 1EA,/shop/productdetails/175685/moccona-coffee-sachets-cappuccino
222591,The Rice Company Italian Risotto Rice 500g,$5.00 ,$1.00 / 100G,/shop/productdetails/222591/trc-italian-risotto-rice-500g-the-rice-company-italian-risotto-rice
264004,Dole Pineapple Crushed In Juice 227g,$2.10 ,$9.25 / 1KG,/shop/productdetails/264004/dole-pineapple-crushed-in-juice
790810,Jordans Bursting With Berries Crunchy Oat Granola 500g,$4.25 ,$0.85 / 100G,/shop/productdetails/790810/jordans-bursting-with-berries-crunchy-oat-granola
175526,Moccona Coffee Sachets Vanilla Latte 10 Pack,$3.50 ,$0.35 / 1EA,/shop/productdetails/175526/moccona-coffee-sachets-vanilla-latte
59306,St Dalfour Four Fruits 284g 284g,$5.70 ,$2.01 / 100G,/shop/productdetails/59306/st-dalfour-four-fruits-284g
33428,Golden Circle Australian Canned Fruit Tinned Pineapple Pieces In Syrup 450g,$4.40 ,$9.78 / 1KG,/shop/productdetails/33428/golden-circle-australian-canned-fruit-tinned-pineapple-pieces-in-syrup
68619,Old El Paso Burrito Dinner Kit Mexican Style 485g,$8.50 ,$1.75 / 100G,/shop/productdetails/68619/old-el-paso-burrito-dinner-kit-mexican-style
87916,Woolworths Extreme Garlic Aioli 250ml,$2.50 ,$1.00 / 100ML,/shop/productdetails/87916/woolworths-extreme-garlic-aioli
30321,Madura Green Tea Bags 50 Pack 75g,$5.45 ,$0.11 / 1EA,/shop/productdetails/30321/madura-green-tea-bags
52070,Mckenzie's Pepper Black Coarse Milled 100g,$4.20 ,$0.42 / 10G,/shop/productdetails/52070/mckenzie-s-pepper-black-coarse-milled
702364,Pandaroo Japanese Instant Miso Soup Fried Tofu 12g,$3.00 ,$25.00 / 100G,/shop/productdetails/702364/pandaroo-japanese-instant-miso-soup-fried-tofu
110323,Pandaroo Noodles Thin Egg 375g,$3.50 ,$0.93 / 100G,/shop/productdetails/110323/pandaroo-noodles-thin-egg
332183,Best Foods Real Mayonnaise Jar 810g,$8.50 ,$1.05 / 100G,/shop/productdetails/332183/best-foods-real-mayonnaise-jar
49587,Gravox Pepper Sauce Mix Tin 140g,$5.00 ,$0.36 / 10G,/shop/productdetails/49587/gravox-pepper-sauce-mix-tin-mix-pepper-sauce
675110,Gravox Roast Pork Family Pack Liquid Gravy Pouch 250g,$4.00 ,$1.60 / 100G,/shop/productdetails/675110/gravox-roast-pork-family-pack-liquid-gravy-pouch
84046,Hart & Soul All Natural Massaman Curry Recipe Base 80g,$2.50 ,$0.31 / 10G,/shop/productdetails/84046/hart-soul-all-natural-massaman-curry-recipe-base
643500,Hoyt's Pine Nuts 25g,$3.80 ,$1.52 / 10G,/shop/productdetails/643500/hoyt-s-pine-nuts
692561,Vittoria Italian Ground 500g,$13.00 ,$2.60 / 100G,/shop/productdetails/692561/vittoria-italian-ground
263736,Continental Sensations Spicy Malaysian Chicken Laksa With Noodles 62g,$2.50 ,$4.03 / 100G,/shop/productdetails/263736/continental-sensations-spicy-malaysian-chicken-laksa-with-noodles
575838,Mayver's Dark Peanut Butter Crunchy 375g,$4.60 ,$1.23 / 100G,/shop/productdetails/575838/mayver-s-dark-peanut-butter-crunchy
94606,Arkadia Chai Tea Low Sugar 240g,,,/shop/productdetails/94606/arkadia-chai-tea-low-sugar
829338,Fehlbergs Jalapenos Pickled 470g,$5.00 ,$10.64 / 1KG,/shop/productdetails/829338/fehlbergs-jalapenos-pickled
248678,Old El Paso Fajita Dinner Kit Mexican Style 485g,$8.50 ,$1.75 / 100G,/shop/productdetails/248678/old-el-paso-fajita-dinner-kit-mexican-style
203808,Uncle Tobys Cheerios Vanilla O's Low Sugar Breakfast Cereal 510g,$6.00 ,$1.18 / 100G,/shop/productdetails/203808/uncle-tobys-cheerios-vanilla-o-s-low-sugar-breakfast-cereal
948505,Gourmet Garden Paste Basil 80g,$4.00 ,$5.00 / 100G,/shop/productdetails/948505/gourmet-garden-paste-basil
20380,Hoyts Cumin Seeds Whole 25g,$2.25 ,$0.90 / 10G,/shop/productdetails/20380/hoyts-cumin-seeds-whole
24883,Marco Polo European Foods Polenta 750g,$3.25 ,$0.43 / 100G,/shop/productdetails/24883/marco-polo-european-foods-polenta
766214,Praise Aioli Mayonnaise Deli Style Classic 250ml,$4.50 ,$1.80 / 100ML,/shop/productdetails/766214/praise-aioli-mayonnaise-deli-style-classic
198503,Valcom Ingredients Kaffir Lime Leaves 100g,$3.20 ,$3.20 / 100G,/shop/productdetails/198503/valcom-ingredients-kaffir-lime-leaves
33154,White Wings Stuffing Mix Hamburger Helper 110g,$3.80 ,$0.35 / 10G,/shop/productdetails/33154/white-wings-stuffing-mix-hamburger-helper
517214,Woolworths Free From Gluten Vanilla Cake Mix 430g,$3.00 ,$0.70 / 100G,/shop/productdetails/517214/woolworths-free-from-gluten-vanilla-cake-mix
164461,Australian Organic Food Co Apple & Pear Fruit Puree No Added Sugar 120g,$2.50 ,$20.83 / 1KG,/shop/productdetails/164461/australian-organic-food-co-apple-pear-fruit-puree-no-added-sugar
143706,Noshu 95% Sugar Free Choc Baking Chips 150g,$4.60 ,$3.07 / 100G,/shop/productdetails/143706/noshu-95-sugar-free-choc-baking-chips
375882,Pukka Tea Bags Relax 20 Pack,$8.25 ,$0.41 / 1EA,/shop/productdetails/375882/pukka-tea-bags-relax
196979,Trident Pitted Dates 600g,$4.75 ,$7.92 / 1KG,/shop/productdetails/196979/trident-pitted-dates-pitted
701675,Kellogg's Frosties Breakfast Cereal 350g,$7.00 ,$2.00 / 100G,/shop/productdetails/701675/kelloggs-frosties-breakfast-cereal
249628,Nutino Hazelnut Spread Spread 400g,$5.20 ,$1.30 / 100G,/shop/productdetails/249628/nutino-hazelnut-spread-spread
217214,Red Island Extra Virgin Olive Oil Extra Virgin 250ml,$5.50 ,$2.20 / 100ML,/shop/productdetails/217214/red-island-extra-virgin-olive-oil-extra-virgin
257451,Gravox Mushroom & Garlic Sauce Liquid Pouch 165g,$2.80 ,$1.70 / 100G,/shop/productdetails/257451/gravox-mushroom-garlic-sauce-liquid-pouch
94618,Hoyts Pepper Black Whole 100g,$5.00 ,$0.50 / 10G,/shop/productdetails/94618/hoyts-pepper-black-whole
754295,Nescafe Dolce Gusto Caf Au Lait Coffee Pods 16 Pack,$10.00 ,$0.63 / 1EA,/shop/productdetails/754295/nescafe-dolce-gusto-caf-au-lait-coffee-pods
96010,Noya Abc Almond Brazil & Cashew Nut Butter 250g,$9.00 ,$3.60 / 100G,/shop/productdetails/96010/noya-abc-almond-brazil-cashew-nut-butter
188440,Woolworths Mandarin In Juice Cups 4 Pack,$1.40 ,$2.80 / 1KG,/shop/productdetails/188440/woolworths-mandarin-in-juice-cups
167586,Belladotti Salad Toppers Crispy Onions 90g,$2.90 ,$3.22 / 100G,/shop/productdetails/167586/belladotti-salad-toppers-crispy-onions
819959,Coco Earth Ghee Butter 250ml,$6.10 ,$2.44 / 100ML,/shop/productdetails/819959/coco-earth-ghee-butter
59809,Gourmet Garden Herb Tube Ginger 115g,$5.00 ,$0.43 / 10G,/shop/productdetails/59809/gourmet-garden-herb-tube-ginger
738617,Grinders Rainforest Alliance Certified Coffee Beans Crema 1kg,$28.00 ,$2.80 / 100G,/shop/productdetails/738617/grinders-rainforest-alliance-certified-coffee-beans-crema
115148,Masterfoods Onion Salt 178g,$4.50 ,$0.25 / 10G,/shop/productdetails/115148/masterfoods-onion-salt
724798,Ouma South African Breakfast Rusk 450g,$8.00 ,$1.78 / 100G,/shop/productdetails/724798/ouma-south-african-breakfast-rusk
299528,Rose's Raspberry Conserve 375g,$4.30 ,$1.15 / 100G,/shop/productdetails/299528/rose-s-raspberry-conserve
931405,Espressotoria Coffee Capsules Vittoria Decaf 12 Pack,$6.00 ,$0.50 / 1EA,/shop/productdetails/931405/espressotoria-coffee-capsules-vittoria-decaf
87918,Woolworths Bran Flakes & Sultanas 700g,$4.90 ,$0.70 / 100G,/shop/productdetails/87918/woolworths-bran-flakes-sultanas
760440,Betty Crocker Chocolate Fudge Cake Mix Cake Mix 540g,$6.00 ,$1.11 / 100G,/shop/productdetails/760440/betty-crocker-chocolate-fudge-cake-mix-cake-mix
698956,Woolworths Spanish Extra Virgin Olive Oil 500ml,$7.00 ,$1.40 / 100ML,/shop/productdetails/698956/woolworths-spanish-extra-virgin-olive-oil
47780,Angas Park Dried Apricots 200g,$9.00 ,$45.00 / 1KG,/shop/productdetails/47780/angas-park-dried-apricots-large-dried
32993,Ardmona Pie Fruit Apples Sliced 400g,$4.00 ,$10.00 / 1KG,/shop/productdetails/32993/ardmona-pie-fruit-apples-sliced-sliced
243736,Lucky Natural Cashews 150g,$2.50 ,$1.67 / 100G,/shop/productdetails/243736/lucky-natural-cashews
264285,Three Threes Gherkins Sweet Spiced 260g,$3.00 ,$11.54 / 1KG,/shop/productdetails/264285/three-threes-gherkins-sweet-spiced
25065,Moro Extra Virgin Olive Oil 500ml,$9.80 ,$1.96 / 100ML,/shop/productdetails/25065/moro-extra-virgin-olive-oil
263999,Dole Tropical Fruit Chunks In Light Syrup 432g,$2.24 ,$5.19 / 1KG,/shop/productdetails/263999/dole-tropical-fruit-chunks-in-light-syrup
249627,Nutino Hazelnut Spread Spread 750g,$8.90 ,$1.19 / 100G,/shop/productdetails/249627/nutino-hazelnut-spread-spread
10921,Always Fresh Baby Cucumbers 680g,$5.60 ,$8.24 / 1KG,/shop/productdetails/10921/always-fresh-baby-cucumbers
35961,Masterfoods Basil Leaves 10g,$2.60 ,$2.60 / 10G,/shop/productdetails/35961/masterfoods-basil-leaves
591730,Mccormick Sour Cream & Chive Potato Mash Recipe Base 40g,$1.80 ,$4.50 / 100G,/shop/productdetails/591730/mccormick-sour-cream-chive-potato-mash-recipe-base
71793,Woolworths Honey Nut Corn Flakes 670g,$4.95 ,$0.74 / 100G,/shop/productdetails/71793/woolworths-honey-nut-corn-flakes
8077,Mckenzie's Dried Veg Borlotti Beans 375g,$2.30 ,$0.61 / 100G,/shop/productdetails/8077/mckenzie-s-dried-veg-borlotti-beans
137502,Cobram Estate Garlic & Onion Infused Extra Virgin Olive Oil 250ml,$7.70 ,$3.08 / 100ML,/shop/productdetails/137502/cobram-estate-garlic-onion-infused-extra-virgin-olive-oil
59823,Bonvit Roasted Dandelion Tea Bags 32 Pack,$8.50 ,$0.27 / 1EA,/shop/productdetails/59823/bonvit-roasted-dandelion-tea-bags
151868,Kellogg's Sultana Bran Gluten Free Breakfast Cereal 350g,$7.50 ,$2.14 / 100G,/shop/productdetails/151868/kelloggs-sultana-bran-gluten-free-breakfast-cereal
271796,Hart & Soul Creamy Pumkin & Cashew Soup 400g,$3.80 ,$0.95 / 100G,/shop/productdetails/271796/hart-soul-creamy-pumkin-cashew-soup
22823,Nescafe Coffee Sachets Latte 10 Pack,$7.60 ,$0.76 / 1EA,/shop/productdetails/22823/nescafe-coffee-sachets-latte
383039,Winn Cherries Red Glace 200g,$4.50 ,$22.50 / 1KG,/shop/productdetails/383039/winn-cherries-red-glace
67291,Green's Cake Mix Traditional Carrot 470g,$2.50 ,$0.53 / 100G,/shop/productdetails/67291/green-s-cake-mix-traditional-carrot
57478,Deliciou Bacon Seasoning Original Original 55g,$7.50 ,$1.36 / 10G,/shop/productdetails/57478/deliciou-bacon-seasoning-original-original
340056,Fruit For Life Dried Mango Slices 150g,$6.00 ,$40.00 / 1KG,/shop/productdetails/340056/fruit-for-life-dried-mango-slices-dried
198647,Kellogg's Special K Original Breakfast Cereal 500g,$9.00 ,$1.80 / 100G,/shop/productdetails/198647/kelloggs-special-k-original-breakfast-cereal
744243,Pandaroo Lite Coconut Milk 165ml,$1.30 ,$0.79 / 100ML,/shop/productdetails/744243/pandaroo-lite-coconut-milk
156801,Vittoria Coffee Bags Long Black 20 Pack,$12.50 ,$0.63 / 1EA,/shop/productdetails/156801/vittoria-coffee-bags-long-black
54604,Ouma Condensed Milk Rusks 500g,$8.00 ,$1.60 / 100G,/shop/productdetails/54604/ouma-condensed-milk-rusks
43915,John West Passionfruit Pulp In Syrup 170g,$2.50 ,$14.71 / 1KG,/shop/productdetails/43915/john-west-passionfruit-pulp-in-syrup
205497,Betty Crocker Cinnamon Crumble Muffin Mix Muffin Mix 500g,$6.00 ,$1.20 / 100G,/shop/productdetails/205497/betty-crocker-cinnamon-crumble-muffin-mix-muffin-mix
501297,Cobram Estate Olive Oil Garlic 500ml,$12.00 ,$2.40 / 100ML,/shop/productdetails/501297/cobram-estate-olive-oil-garlic
579716,Maggi Side Dishes Cheesy Cauliflower Bake 30g,$1.75 ,$5.83 / 100G,/shop/productdetails/579716/maggi-side-dishes-cheesy-cauliflower-bake
430061,Uncle Tobys Oats Ancient Grains Porridge Porridge 700g,$6.50 ,$0.93 / 100G,/shop/productdetails/430061/uncle-tobys-oats-ancient-grains-porridge-porridge
744054,Amoy Sauce Oyster 555g,$4.40 ,$0.79 / 100G,/shop/productdetails/744054/amoy-sauce-oyster
342678,Ainsley Harriot Cous Cous Roasted Vegetable 100g,$2.60 ,$2.60 / 100G,/shop/productdetails/342678/ainsley-harriot-cous-cous-roasted-vegetable
195952,Barilla Collezione Lasagne 250g,$3.60 ,$1.44 / 100G,/shop/productdetails/195952/barilla-collezione-lasagne
217164,Continental Seasoning Sensations Recipe Base  Thai Stir Fry 34g,$2.75 ,$8.09 / 100G,/shop/productdetails/217164/continental-seasoning-sensations-recipe-base-thai-stir-fry
123902,Mr Chen's Thick Egg Noodles 300g,$2.15 ,$0.72 / 100G,/shop/productdetails/123902/mr-chen-s-thick-egg-noodles
167302,Kraft Vegan Mac & Cheese Macaroni Pasta Instant Noodles Cheese 150g,$4.50 ,$3.00 / 100G,/shop/productdetails/167302/kraft-vegan-mac-cheese-macaroni-pasta-instant-noodles-cheese
687785,Moccona Barista Reserve Coffee Capsules Cappuccino 10 10 Pack,$5.00 ,$0.50 / 1EA,/shop/productdetails/687785/moccona-barista-reserve-coffee-capsules-cappuccino-10
680046,Woolworths Mango Jelly 4 Pack,$2.11 ,$4.40 / 1KG,/shop/productdetails/680046/woolworths-mango-jelly
577085,Arkadia Chai Tea Spice Sachets 20 Pack,,,/shop/productdetails/577085/arkadia-chai-tea-spice-sachets
715897,Simson's Pantry Naan Traditional 2 Pack,$3.50 ,$1.40 / 100G,/shop/productdetails/715897/simson-s-pantry-naan-traditional-naan-traditional
92329,L'or Espresso Ultimo Intensity 13 Coffee Capsules 10 Pack,$5.50 ,$0.55 / 1EA,/shop/productdetails/92329/l-or-espresso-ultimo-intensity-13-coffee-capsules
465076,Always Fresh Roasted Pepper Strips 310g,$4.90 ,$15.81 / 1KG,/shop/productdetails/465076/always-fresh-roasted-pepper-strips
143255,Mckenzie's Vegan Egg Replacer 70g,$3.25 ,$4.64 / 100G,/shop/productdetails/143255/mckenzie-s-vegan-egg-replacer
234436,Mr Chen's Udon Noodles 270g,$2.50 ,$0.93 / 100G,/shop/productdetails/234436/mr-chen-s-udon-noodles
234205,Praise Creamy Parmesan & Roasted Garlic Dressing 250ml,$2.50 ,$1.00 / 100ML,/shop/productdetails/234205/praise-creamy-parmesan-roasted-garlic-dressing
70271,Macro Organic Borlotti Beans No Added Salt 420g,$1.50 ,$0.36 / 100G,/shop/productdetails/70271/macro-organic-borlotti-beans-no-added-salt
549619,Nescafe Coffee Sachets Hazelnut Latte 26 Pack,$11.00 ,$0.42 / 1EA,/shop/productdetails/549619/nescafe-coffee-sachets-hazelnut-latte-hazelnut
182812,Woolworths Mushroom Sauce 200g,$3.00 ,$1.50 / 100G,/shop/productdetails/182812/woolworths-mushroom-sauce
249361,Buderim Ginger Marmalade 365g,$5.00 ,$1.37 / 100G,/shop/productdetails/249361/buderim-ginger-ginger-marmalade
68326,Carbonell Extra Virgin Olive Oil 3l,$29.00 ,$0.97 / 100ML,/shop/productdetails/68326/carbonell-extra-virgin-olive-oil
199136,Nescafe Blend 43 Instant Coffee Jar 300g,$17.40 ,$5.80 / 100G,/shop/productdetails/199136/nescafe-blend-43-instant-coffee-jar
234454,"Campbell's Real Stock Flavour Boost Chilli, Garlic & Onion 250ml",$4.00 ,$1.60 / 100ML,/shop/productdetails/234454/campbell-s-real-stock-flavour-boost-chilli-garlic-onion
179481,Gravox Lamb & Rosemary Gravy Mix Tin 120g,$5.00 ,$0.42 / 10G,/shop/productdetails/179481/gravox-lamb-rosemary-gravy-mix-tin-mix-lamb-rosemary
95165,Nerada Organics Green Tea Cup Bags 150g,$6.80 ,$0.07 / 1EA,/shop/productdetails/95165/nerada-organics-green-tea-cup-bags
276856,So Good Chocolate Almond Milk 1l,$3.20 ,$3.20 / 1L,/shop/productdetails/276856/so-good-chocolate-almond-milk
669984,Woolworths Mango Flavoured Jelly In Pouch 95g,$0.95 ,$10.00 / 1KG,/shop/productdetails/669984/woolworths-mango-flavoured-jelly-in-pouch
2863,Golden Circle Australian Canned Fruit Tinned Crushed Pineapple In Juice 440g,$4.40 ,$10.00 / 1KG,/shop/productdetails/2863/golden-circle-australian-canned-fruit-tinned-crushed-pineapple-in-juice
33075,Masterfoods Dried Mixed Herbs 40g,$4.50 ,$1.13 / 10G,/shop/productdetails/33075/masterfoods-dried-mixed-herbs
212792,The Big Cheese Mac  & Cheese Bowl 105g,$3.00 ,$2.86 / 100G,/shop/productdetails/212792/big-cheese
20363,Hoyts Mustard Powder 50g,$2.20 ,$0.44 / 10G,/shop/productdetails/20363/hoyts-mustard-powder
245004,F. Whitlock & Sons Smoky Bbq Sauce American-style Smokey Barbecue Sauce 400ml,$5.50 ,$1.38 / 100ML,/shop/productdetails/245004/f-whitlock-sons-smoky-bbq-sauce-american-style-smokey-barbecue-sauce
446487,Maggi Dry Recipe Bases Your Meal Your Way Asian Style Chow Mein 32g,$1.75 ,$5.47 / 100G,/shop/productdetails/446487/maggi-dry-recipe-bases-your-meal-your-way-asian-style-chow-mein
781661,Bega Cream Cheese Spread Bold 250g,$4.10 ,$16.40 / 1KG,/shop/productdetails/781661/bega-cream-cheese-spread-bold
200148,Dilmah Earl Grey Tea Bags 50 Pack,$5.10 ,$0.10 / 1EA,/shop/productdetails/200148/dilmah-earl-grey-tea-bags
797010,Don Antonio Traditional Sauce 500ml,$7.00 ,$1.40 / 100G,/shop/productdetails/797010/don-antonio-traditional-sauce
957604,Leggos Providore Pesto Italian Basil 195g,$6.50 ,$3.33 / 100G,/shop/productdetails/957604/leggo-s-providore-pesto-italian-basil
296809,Rose's Strawberry Conserve 375g,$4.30 ,$1.15 / 100G,/shop/productdetails/296809/rose-s-strawberry-conserve
729113,Sandhurst Dressings Caramelised Balsamic Vinegar 250ml,$10.00 ,$4.00 / 100ML,/shop/productdetails/729113/sandhurst-dressings-caramelised-balsamic-vinegar
591700,Mccormick Slow Cooker Beef & Mushroom Ragout Recipe Base 40g,$1.80 ,$4.50 / 100G,/shop/productdetails/591700/mccormick-slow-cooker-beef-mushroom-ragout-recipe-base
242184,Nescafe Gold Original 400g,$18.00 ,$4.50 / 100G,/shop/productdetails/242184/nescafe-gold-original
8552,Symington's Instant Dandelion Tea No Caffeine 250g,$13.20 ,$5.28 / 100G,/shop/productdetails/8552/symington-s-instant-dandelion-tea-no-caffeine
5669,Aeroplane Jelly Lite Lime Flavour Low Calorie Jelly Crystals 2x9g,$2.00 ,$11.11 / 100G,/shop/productdetails/5669/aeroplane-jelly-lite-lime-flavour-low-calorie-jelly-crystals
35942,Masterfoods Chilli Ground 27g,$3.50 ,$1.30 / 10G,/shop/productdetails/35942/masterfoods-chilli-ground
36345,Masterfoods Mexican Chilli Powder 30g,$4.30 ,$1.43 / 10G,/shop/productdetails/36345/masterfoods-mexican-chilli-powder
874927,Mckenzie's Black Beans 375g,$2.30 ,$6.13 / 1KG,/shop/productdetails/874927/mckenzie-s-black-beans
689624,Nescafe Dolce Gusto Cappuccino Coffee Pods 16 Pack,$10.00 ,$0.63 / 1EA,/shop/productdetails/689624/nescafe-dolce-gusto-cappuccino-coffee-pods
754164,No Nasties Sugar Free-zies All Natural Icy Stix 15 Pack,$7.00 ,$0.78 / 100ML,/shop/productdetails/754164/no-nasties-sugar-free-zies-all-natural-icy-stix
129037,Woolworths Wild Alaskan Salmon & Spaghetti Arrabiata 170g,$3.50 ,$20.59 / 1KG,/shop/productdetails/129037/woolworths-wild-alaskan-salmon-spaghetti-arrabiata
757539,Gravox Best Ever Bangers 'n' Mash Liquid Gravy Pouch 165g,$2.80 ,$1.70 / 100G,/shop/productdetails/757539/gravox-best-ever-bangers-n-mash-liquid-gravy-pouch
227571,Green's Pudding Traditional Sticky Date 260g,$3.50 ,$1.35 / 100G,/shop/productdetails/227571/green-s-pudding-traditional-sticky-date
807459,Sanitarium So Good Long Life Unsweetened Almond Milk 250ml X3 Pack,$4.60 ,$6.13 / 1L,/shop/productdetails/807459/sanitarium-so-good-long-life-unsweetened-almond-milk
232140,Hellmann's Vegan Mayonnaise Jar 270g,$6.00 ,$2.22 / 100G,/shop/productdetails/232140/hellmann-s-vegan-mayonnaise-jar
67916,Pocky Chocolate Value Pack 8 Pack,,,/shop/productdetails/67916/pocky-chocolate-value-pack
254695,Vittoria Oro Ground Coffee Oro 1kg,$24.00 ,$2.40 / 100G,/shop/productdetails/254695/vittoria-oro-ground-coffee-oro
349621,Wallaby Bread Improver 125g,$5.20 ,$4.16 / 100G,/shop/productdetails/349621/wallaby-bread-improver
234318,Campbell's Real Stock Flavour Boost Garlic & Rosemary 250ml,$4.00 ,$1.60 / 100ML,/shop/productdetails/234318/campbell-s-real-stock-flavour-boost-garlic-rosemary
301304,Edgell Australian Grown Chickpeas Canned Snack Packs 125g X 4 Pack,$3.80 ,$0.76 / 100G,/shop/productdetails/301304/edgell-australian-grown-chickpeas-canned-snack-packs
155063,Minor Figures Minor Figures Barista Oat Uht Organic Milk 1l,$4.90 ,$4.90 / 1L,/shop/productdetails/155063/minor-figures-barista-oat-uht-organic-milk
175603,Moccona Coffee Sachets Strong Cappuccino 30 Pack,$12.00 ,$0.40 / 1EA,/shop/productdetails/175603/moccona-coffee-sachets-strong-cappuccino
122336,Mountain Valley Australian Molasses Squeeze 400g,$3.50 ,$0.78 / 100G,/shop/productdetails/122336/mountain-valley-australian-molasses-squeeze
214763,Woolworths Australian Lemon Juice 250ml,$1.87 ,$0.75 / 100ML,/shop/productdetails/214763/woolworths-australian-lemon-juice
294264,Woolworths Jelly Port Wine 85g,,,/shop/productdetails/294264/woolworths-jelly-port-wine
226153,Avalanche 99% Sugar Free Vanilla Chai Latte 10 Pack,$4.40 ,$0.44 / 1EA,/shop/productdetails/226153/avalanche-99-sugar-free-vanilla-chai-latte
741386,Harvest Rice Bran Oil 1l,$8.00 ,$0.80 / 100ML,/shop/productdetails/741386/harvest-rice-bran-oil
94608,Hoyts Nutmeg Ground 25g,$2.50 ,$1.00 / 10G,/shop/productdetails/94608/hoyts-nutmeg-ground
278499,La Zuppa Minestrone 500g,$3.95 ,$0.79 / 100G,/shop/productdetails/278499/la-zuppa-minestrone
9591,Masterfoods Finely Chopped Chilli 160g,$4.00 ,$0.25 / 10G,/shop/productdetails/9591/masterfoods-finely-chopped-chilli
744207,Pandaroo Vietnamese Style Rice Paper Roll Dipping Sauce 270ml,$2.85 ,$1.06 / 100ML,/shop/productdetails/744207/pandaroo-vietnamese-style-rice-paper-roll-dipping-sauce
311904,Red Kellys Dressings Traditional 250ml,$4.80 ,$1.92 / 100ML,/shop/productdetails/311904/red-kellys-dressings-traditional
346132,Woolworths Chicken Sweet Chilli 85g,$1.40 ,$16.47 / 1KG,/shop/productdetails/346132/woolworths-chicken-sweet-chilli
841349,Dole Premium Tropical Pineapple Chunks In Syrup 439g,$2.50 ,$5.69 / 1KG,/shop/productdetails/841349/dole-premium-tropical-pineapple-chunks-in-syrup
450136,Dr. Oetker Ready To Roll Icing White 1kg,$8.00 ,$0.80 / 100G,/shop/productdetails/450136/dr-oetker-ready-to-roll-icing-white
34017,Harvest Beef Steak Vegetables 425g,$5.00 ,$11.76 / 1KG,/shop/productdetails/34017/harvest-beef-steak-vegetables
240398,Queen Sugar Free Maple Flavoured Syrup Vanilla 355ml,$3.75 ,$1.06 / 100ML,/shop/productdetails/240398/queen-sugar-free-maple-flavoured-syrup-vanilla
688509,Carman's Natural Bircher Muesli 875g,$9.50 ,$1.09 / 100G,/shop/productdetails/688509/carman-s-natural-bircher-muesli
770161,Thumbs Up Drink Can 300ml,$2.50 ,$8.33 / 1L,/shop/productdetails/770161/thumbs-up-drink-can
39902,Always Fresh Cucumbers Dill 680g,$4.60 ,$6.76 / 1KG,/shop/productdetails/39902/always-fresh-cucumbers-dill
813467,Dole Pineapple Slices In Juice 822g,$5.25 ,$6.39 / 1KG,/shop/productdetails/813467/dole-pineapple-slices-in-juice
780751,Jordans Strawberry Crispy Oat Clusters 500g,$4.25 ,$0.85 / 100G,/shop/productdetails/780751/jordans-strawberry-crispy-oat-clusters
90847,L'or Espresso Colombia Intensity 8 Coffee Capsules 20 Pack,$10.00 ,$0.50 / 1EA,/shop/productdetails/90847/l-or-espresso-colombia-intensity-8-coffee-capsules
197921,Nestle Milo Breakfast Cereal 350g,$6.50 ,$1.86 / 100G,/shop/productdetails/197921/nestle-milo-breakfast-cereal
821562,Woolworths Soft & Juicy Pitted Dates 250g,$4.50 ,$18.00 / 1KG,/shop/productdetails/821562/woolworths-soft-juicy-pitted-dates
32787,Masterfoods Hot English Mustard 175g,$4.00 ,$2.29 / 100G,/shop/productdetails/32787/masterfoods-hot-english-mustard
688530,Carman's Muesli Original 875g,$9.50 ,$1.09 / 100G,/shop/productdetails/688530/carman-s-muesli-original
32502,Eta Dressings Potato Salad 365g,$4.00 ,$1.10 / 100G,/shop/productdetails/32502/eta-dressings-potato-salad
549621,Nescafe Coffee Sachets Mocha 26 Pack,$11.00 ,$0.42 / 1EA,/shop/productdetails/549621/nescafe-coffee-sachets-mocha-mocha
143626,Noshu 97% Sugar Free Dark Choc Baking Chips 150g,$4.60 ,$3.07 / 100G,/shop/productdetails/143626/noshu-97-sugar-free-dark-choc-baking-chips
141161,White Wings Cheesecake Layer Mix 200g,$3.60 ,$1.80 / 100G,/shop/productdetails/141161/white-wings-cheesecake-layer-mix
346131,Woolworths Chicken Mayonnaise 85g,$1.40 ,$16.47 / 1KG,/shop/productdetails/346131/woolworths-chicken-mayonnaise
57425,Indya Soya Wadi 400g,$2.50 ,$0.63 / 100G,/shop/productdetails/57425/indya-soya-wadi
332107,Praise Whole Egg Mayonnaise Whole Egg 670g,$7.00 ,$1.04 / 100G,/shop/productdetails/332107/praise-whole-egg-mayonnaise-whole-egg
464637,Always Fresh Marinated Artichoke Hearts 230g,$3.50 ,$15.22 / 1KG,/shop/productdetails/464637/always-fresh-marinated-artichoke-hearts
329999,Ayam Malaysian Laksa Paste 185g,$4.00 ,$2.16 / 100G,/shop/productdetails/329999/ayam-malaysian-laksa-paste
213595,Moccona Cadbury Mocha Sachets 8 Pack,$3.50 ,$0.44 / 1EA,/shop/productdetails/213595/moccona-cadbury-mocha-sachets
758762,Woolworths Pine Nuts 300g,$15.30 ,$51.00 / 1KG,/shop/productdetails/758762/woolworths-pine-nuts
310572,Beerenberg Caramelised Onion 280g,$5.50 ,$1.96 / 100G,/shop/productdetails/310572/beerenberg-caramelised-onion
94138,Campos Superior Coffee Beans 1kg,$49.50 ,$4.95 / 100G,/shop/productdetails/94138/campos-superior-coffee-beans
256700,Moccona Freeze Dried Instant Coffee Classic Dark Roast 400g,$28.00 ,$7.00 / 100G,/shop/productdetails/256700/moccona-freeze-dried-instant-coffee-classic-dark-roast
91579,Sunbeam Mixed Fruit 375g,$5.50 ,$14.67 / 1KG,/shop/productdetails/91579/sunbeam-mixed-fruit
726281,Woolworths Almond Meal 150g,$3.85 ,$25.67 / 1KG,/shop/productdetails/726281/woolworths-almond-meal
606763,Dinner Winner Pasta Beef 153g,$4.50 ,$2.94 / 100G,/shop/productdetails/606763/dinner-winner-pasta-beef
687062,Nescafe Gold Orginal Soluble Instant Coffee 200g,$15.00 ,$7.50 / 100G,/shop/productdetails/687062/nescafe-gold-orginal-soluble-instant-coffee
281259,Kellogg's Fun Pack Breakfast Cereals Assorted 170g,$7.50 ,$4.41 / 100G,/shop/productdetails/281259/kelloggs-fun-pack-breakfast-cereals-assorted
5556,Maille Mustard Wholegrain Mild 210g,$6.00 ,$2.86 / 100G,/shop/productdetails/5556/maille-mustard-wholegrain-mild
58546,Mccormick Grill Mates Chipotle & Garlic American Bbq Dry Marinade 40g,$2.50 ,$0.63 / 10G,/shop/productdetails/58546/mccormick-grill-mates-chipotle-garlic-american-bbq-dry-marinade
9004,Prochef Canola Spray 400g,$4.50 ,$1.13 / 100G,/shop/productdetails/9004/prochef-canola-spray
202926,The Spice Tailor Spicy Tarka Lentil Daal 500g,$4.75 ,$0.95 / 100G,/shop/productdetails/202926/the-spice-tailor-spicy-tarka-lentil-daal
345994,Gravox Hollandaise Sauce Liquid Pouch 165g,$2.80 ,$1.70 / 100G,/shop/productdetails/345994/gravox-hollandaise-sauce-liquid-pouch-hollandaise
760459,Betty Crocker Devil's Food Cake Mix Cake Mix 540g,$6.00 ,$1.11 / 100G,/shop/productdetails/760459/betty-crocker-devil-s-food-cake-mix-cake-mix
74794,La Molisana Pastificio Extra Di Lusso Wholewheat Penne Rigate 500g,$3.50 ,$0.70 / 100G,/shop/productdetails/74794/la-molisana-pastificio-extra-di-lusso-wholewheat-penne-rigate
755111,Nestle Bakers Choice Cocoa 190g,$4.50 ,$2.37 / 100G,/shop/productdetails/755111/nestle-bakers-choice-cocoa
25528,Ocean Spray Fruit Sauce Cranberry Whole Berry 275g,$3.90 ,$1.42 / 100G,/shop/productdetails/25528/ocean-spray-fruit-sauce-cranberry-whole-berry
784143,Goulburn Valley Pears In Juice 700g,$4.60 ,$6.57 / 1KG,/shop/productdetails/784143/goulburn-valley-pears-in-juice-sliced-in-juice
781141,So Good Almond Vanilla Milk 1l,$3.20 ,$3.20 / 1L,/shop/productdetails/781141/so-good-almond-vanilla-milk
33833,Sunbeam Mixed Fruit 1kg,$11.00 ,$11.00 / 1KG,/shop/productdetails/33833/sunbeam-mixed-fruit
760495,Betty Crocker Chocolate Cupcake Mix Cupcake Mix 450g,$6.00 ,$1.33 / 100G,/shop/productdetails/760495/betty-crocker-chocolate-cupcake-mix-cupcake-mix
357269,"Macro Natural Brazil, Almond & Cashew Spread 250g",$5.70 ,$2.28 / 100G,/shop/productdetails/357269/macro-natural-brazil-almond-cashew-spread
206208,Uncle Tobys Plus Immune Support Breakfast Cereal 690g,$7.00 ,$1.01 / 100G,/shop/productdetails/206208/uncle-tobys-plus-immune-support-breakfast-cereal
224639,Celestial Seasonings Sleepytime Mint Tea Bags 20 Pack,$5.00 ,$0.25 / 1EA,/shop/productdetails/224639/celestial-seasonings-sleepytime-mint-tea-bags
313546,Hikari Japanese Paste White Miso 400g,$4.30 ,$1.08 / 100G,/shop/productdetails/313546/hikari-japanese-paste-white-miso
218913,Mug Shot Pasta Roast Chicken Flavour 55g,$1.00 ,$1.82 / 100G,/shop/productdetails/218913/mug-shot-pasta-roast-chicken-flavour
233024,Spc Fruit Powerz Apple & Strawberry Puree Pouches 90g X 4 Pack,$5.00 ,$13.89 / 1KG,/shop/productdetails/233024/spc-fruit-powerz-apple-strawberry-puree-pouches
168680,Abc Chilli Sauce Extra Hot 340ml,$3.40 ,$1.01 / 100ML,/shop/productdetails/168680/abc-chilli-sauce-extra-hot
341817,Capilano 100% Pure Australian Honey Squeeze 1kg,$14.50 ,$1.45 / 100G,/shop/productdetails/341817/capilano-100-pure-australian-honey-squeeze
13509,Gravox Cheese Sauce Mix Tin 120g,$5.00 ,$0.42 / 10G,/shop/productdetails/13509/gravox-cheese-sauce-mix-tin-mix-mild-and-creamy
757519,Gravox Traditional Salt Reduced Gravy Mix Tin 120g,$5.00 ,$0.42 / 10G,/shop/productdetails/757519/gravox-traditional-salt-reduced-gravy-mix-tin
724084,Jamie Oliver Green Pesto 190g,$4.50 ,$2.37 / 100G,/shop/productdetails/724084/jamie-oliver-green-pesto
258015,Mighty Spice Tandoori Spice Mix Kit 80g,$4.00 ,$5.00 / 100G,/shop/productdetails/258015/mighty-spice-tandoori-spice-mix-kit
227337,Nestle Plaistowe Dark Chocolate Baking Block 180g,$3.50 ,$1.94 / 100G,/shop/productdetails/227337/nestle-plaistowe-dark-chocolate-baking-block
252181,Sunrice Microwavable Red Rice 250g,$3.50 ,$1.40 / 100G,/shop/productdetails/252181/sunrice-microwavable-red-rice
257667,Vegeta Chicken Stock Pot 4 Pack,$4.00 ,$0.36 / 10G,/shop/productdetails/257667/vegeta-chicken-stock-pot
134880,Woolworths Longans In Syrup 560g,$1.00 ,$1.79 / 1KG,/shop/productdetails/134880/woolworths-longans-in-syrup
52280,Admiral Sliced Mangoes Sliced In Natural Juice 800g,$3.50 ,$4.38 / 1KG,/shop/productdetails/52280/admiral-sliced-mangoes-sliced-in-natural-juice
169367,F. Whitlock & Sons Korean Bbq Style Marinade 400ml,$5.50 ,$1.38 / 100ML,/shop/productdetails/169367/f-whitlock-sons-korean-bbq-style-marinade
88323,Leggos Organic Tomato Paste Concentrate 500g,$5.50 ,$1.10 / 100G,/shop/productdetails/88323/leggo-s-organic-tomato-paste-concentrate
24306,Gravox Pepper Sauce Mix 29g,$1.50 ,$0.52 / 10G,/shop/productdetails/24306/gravox-pepper-sauce-mix-sauce-pepper
255379,Mingle Everything Bagel Seasoning 50g,$3.95 ,$0.79 / 10G,/shop/productdetails/255379/mingle-everything-bagel-seasoning
142090,Mckenzie's Chick Peas 1kg,$3.70 ,$0.37 / 100G,/shop/productdetails/142090/mckenzie-s-chick-peas
827594,Nestle Milo Duo Breakfast Cereal Cereal 660g,$7.00 ,$1.06 / 100G,/shop/productdetails/827594/nestle-milo-duo-breakfast-cereal-cereal
256933,Patak's Eggplant Pickle 312g,$7.50 ,$2.40 / 100G,/shop/productdetails/256933/patak-s-eggplant-pickle
364558,Avofresh Chunky Avocado Hint Of Lemon 160g Tub,,,/shop/productdetails/364558/avofresh-chunky-avocado-hint-of-lemon
795867,Bega Cream Cheese Spread Bold 500g,$7.00 ,$14.00 / 1KG,/shop/productdetails/795867/bega-cream-cheese-spread-bold
239030,Birch & Waite Sichuan Style Stir Fry Sauce 200g,$5.50 ,$2.75 / 100G,/shop/productdetails/239030/birch-waite-sichuan-style-stir-fry-sauce
687774,L'or Espresso Decaf Ristretto Intensity 9 Coffee Capsules 10 Pack,$5.50 ,$0.55 / 1EA,/shop/productdetails/687774/l-or-espresso-decaf-ristretto-intensity-9-coffee-capsules
446485,Maggi Dry Recipe Bases Indian Style Butter Chicken 29g,$1.75 ,$6.48 / 100G,/shop/productdetails/446485/maggi-dry-recipe-bases-indian-style-butter-chicken
336406,Morning Sun Naturual Style Muesli  97% Fat Free Breakfast Cereal 650g,$4.50 ,$0.69 / 100G,/shop/productdetails/336406/morning-sun-naturual-style-muesli-97-fat-free-breakfast-cereal
14040,Old El Paso Mexe Beans 425g,$4.50 ,$1.06 / 100G,/shop/productdetails/14040/old-el-paso-mexe-beans
529030,Hellmann's Real Mayonnaise Squeeze 400g,$5.50 ,$1.38 / 100G,/shop/productdetails/529030/hellmann-s-real-mayonnaise-squeeze
242067,Nescafe Double Shot Latte Sachets 10 Pack,$7.60 ,$0.76 / 1EA,/shop/productdetails/242067/nescafe-double-shot-latte-sachets
84629,Noshu 99% Sugar Free Low Carb Pancake Mix 240g,$6.40 ,$2.67 / 100G,/shop/productdetails/84629/noshu-99-sugar-free-low-carb-pancake-mix
524431,Woolworths Green Stuffed Olives 935g,$4.50 ,$0.48 / 100G,/shop/productdetails/524431/woolworths-green-stuffed-olives
777640,Golden Circle Blended Fruit Puree Banana & Berries Berry Lunch Box Pouch 120g,$1.80 ,$15.00 / 1KG,/shop/productdetails/777640/golden-circle-blended-fruit-puree-banana-berries-berry-lunch-box-pouch
86692,Hart & Soul All Natural Supergrain Satay Chicken 250g,$4.50 ,$1.80 / 100G,/shop/productdetails/86692/hart-soul-all-natural-supergrain-satay-chicken
84326,Lian Pho Ga Vietnamese Style Instant Rice Noodles 70g,$2.80 ,$4.00 / 100G,/shop/productdetails/84326/lian-pho-ga-vietnamese-style-instant-rice-noodles
47513,Always Fresh Cucumbers Sweet & Sour 680g,$4.60 ,$6.76 / 1KG,/shop/productdetails/47513/always-fresh-cucumbers-sweet-sour
235624,Belladotti Salad Toppers Tuscan Garden 90g,$2.90 ,$3.22 / 100G,/shop/productdetails/235624/belladotti-salad-toppers-tuscan-garden
267191,Hart & Soul Potato & Leek With Miso Soup 400g,$3.80 ,$0.95 / 100G,/shop/productdetails/267191/hart-soul-potato-leek-with-miso-soup
55898,Il Molino Instant Polenta Corn Meal 500g,$3.70 ,$7.40 / 1KG,/shop/productdetails/55898/il-molino-instant-polenta-corn-meal
150875,Leggo's Providore D'italia Tomato Paste Triple Concentrate 130g,$2.50 ,$1.92 / 100G,/shop/productdetails/150875/leggo-s-providore-d-italia-tomato-paste-triple-concentrate
355126,Macro Cashew Kernels 500g,$12.00 ,$24.00 / 1KG,/shop/productdetails/355126/macro-cashew-kernels
334789,Macro Five Grain Porridge 750g,$3.50 ,$0.47 / 100G,/shop/productdetails/334789/macro-five-grain-porridge
234341,O'food Korean Gochujang 170g,$2.80 ,$1.65 / 100G,/shop/productdetails/234341/o-food-o-food-korean-gochujang
202407,Queen Glucose Syrup 500g,$4.90 ,$0.98 / 100G,/shop/productdetails/202407/queen-glucose-syrup
94686,Vittoria Mountain Grown Ground Coffee 200g,$10.00 ,$5.00 / 100G,/shop/productdetails/94686/vittoria-mountain-grown-ground-coffee
178328,Aeroplane Original Watermelon Flavoured Jelly 85g,$1.10 ,$1.29 / 100G,/shop/productdetails/178328/aeroplane-original-watermelon-flavoured-jelly
289717,Lucky Flaked Almonds 110g,$4.50 ,$40.91 / 1KG,/shop/productdetails/289717/lucky-flaked-almonds
224633,Mr Chen's Thai Green Curry Paste 190g,$2.70 ,$1.42 / 100G,/shop/productdetails/224633/mr-chen-s-thai-green-curry-paste
707375,Woolworths Bay Leaf Fresh Herb 10g,,,/shop/productdetails/707375/woolworths-bay-leaf-fresh-herb
438612,Beechworth 100% Australian Bee Cause Bush Honey Squeeze 400g,$8.00 ,$2.00 / 100G,/shop/productdetails/438612/beechworth-100-australian-bee-cause-bush-honey-squeeze
446483,Maggi Dry Recipe Bases Beef Goulash Recipe Base 33g,$1.75 ,$5.30 / 100G,/shop/productdetails/446483/maggi-dry-recipe-bases-beef-goulash-recipe-base
785142,Masterfoods Butter Chicken Recipe Base 175g,$2.80 ,$1.60 / 100G,/shop/productdetails/785142/masterfoods-butter-chicken-recipe-base
743270,Woolworths Apricot Almond And Date Muesli 750g,$3.50 ,$0.47 / 100G,/shop/productdetails/743270/woolworths-apricot-almond-and-date-muesli
691515,Always Fresh Stuffed Peppers 280g,$5.48 ,$19.57 / 1KG,/shop/productdetails/691515/always-fresh-stuffed-peppers
603806,L'or Espresso Supremo Intensity 10 Coffee Capsules 10 Pack,$5.50 ,$0.55 / 1EA,/shop/productdetails/603806/l-or-espresso-supremo-intensity-10-coffee-capsules
661997,Aeroplane Creamy Mousse Mix Chocolate Flavour 65g,$2.00 ,$3.08 / 100G,/shop/productdetails/661997/aeroplane-creamy-mousse-mix-chocolate-flavour
297226,Masterfoods Recipe Base Country Beef Casserole 175g,$2.80 ,$1.60 / 100G,/shop/productdetails/297226/masterfoods-recipe-base-country-beef-casserole
67190,Nissin Ramen Kyushu Black 5 Pack,$7.80 ,$1.47 / 100G,/shop/productdetails/67190/nissin-ramen-kyushu-black
754776,Pic's Peanut Butter Smooth 380g,$5.00 ,$1.32 / 100G,/shop/productdetails/754776/pic-s-peanut-butter-smooth
323962,Podravka Chicken Paste 100g,$2.60 ,$2.60 / 100G,/shop/productdetails/323962/podravka-chicken-paste
207996,Arnold's Farm Porridge Sachets Creamy Honey 8 Pack,$4.50 ,$1.22 / 100G,/shop/productdetails/207996/arnold-s-farm-porridge-sachets-creamy-honey
296220,Cottee's Fruits Of The Forest Jam 375g,$2.80 ,$0.75 / 100G,/shop/productdetails/296220/cottee-s-fruits-of-the-forest-jam
224670,Leggos Eat Well Bolognese Pasta Sauce 500g,$4.00 ,$0.80 / 100G,/shop/productdetails/224670/leggo-s-eat-well-bolognese-pasta-sauce
64673,Passage To Asia Green Thai Sauce 200g,$3.50 ,$1.75 / 100G,/shop/productdetails/64673/passage-to-asia-green-thai-sauce
87831,Woolworths Sriracha Mayonnaise 250ml,$2.50 ,$1.00 / 100ML,/shop/productdetails/87831/woolworths-sriracha-mayonnaise
92159,Masterfoods Dried Italian Herbs 30g,$6.40 ,$2.13 / 10G,/shop/productdetails/92159/masterfoods-dried-italian-herbs
98047,Bega Light Peanut Butter Smooth 470g,$6.40 ,$1.36 / 100G,/shop/productdetails/98047/bega-light-peanut-butter-smooth
593297,Gourmet Garden Mint Lightly Dried 5g,$4.00 ,$8.00 / 10G,/shop/productdetails/593297/gourmet-garden-mint-lightly-dried
38077,Masterfoods Onion Flakes 100g,$5.00 ,$0.50 / 10G,/shop/productdetails/38077/masterfoods-onion-flakes
770074,Woolworths Free From Gluten Banana Bread 400g,$3.40 ,$0.85 / 100G,/shop/productdetails/770074/woolworths-free-from-gluten-banana-bread
178200,Aeroplane Original Green Apple Flavoured Jelly 85g,$1.10 ,$1.29 / 100G,/shop/productdetails/178200/aeroplane-original-green-apple-flavoured-jelly
840898,Continental Pasta Sensations Creamy Tomato Parmesan & Basil Serves 2 98g,$2.80 ,$2.86 / 100G,/shop/productdetails/840898/continental-pasta-sensations-creamy-tomato-parmesan-basil-serves-2
830739,Gardener Mixed Blossom Honey Jar 700g,$6.90 ,$0.99 / 100G,/shop/productdetails/830739/gardener-mixed-blossom-honey-jar
85045,Leggos Tomato Paste No Added Salt 500g,$4.80 ,$0.96 / 100G,/shop/productdetails/85045/leggo-s-tomato-paste-no-added-salt
190101,Woolworths Mexican Style Chicken Burrito With Rice 350g,$4.00 ,$1.14 / 100G,/shop/productdetails/190101/woolworths-mexican-style-chicken-burrito-with-rice
926541,Nescafe Dolce Gusto Ristretto Ardenza Coffee Pods 16 Pack,$10.00 ,$0.63 / 1EA,/shop/productdetails/926541/nescafe-dolce-gusto-ristretto-ardenza-coffee-pods
803494,Otafuku Yakisoba Sauce 300ml,$6.50 ,$2.17 / 100ML,/shop/productdetails/803494/otafuku-yakisoba-sauce
190944,Barilla Pesto Sauce Basilico Vegan 195g,$4.50 ,$2.31 / 100G,/shop/productdetails/190944/barilla-pesto-sauce-basilico-vegan
143191,Carman's Low Sugar Granola Raspberry & Coconut 450g,$7.50 ,$1.67 / 100G,/shop/productdetails/143191/carman-s-low-sugar-granola-raspberry-coconut
167247,Chang's Original Fish Sauce 280ml,$3.50 ,$1.25 / 100ML,/shop/productdetails/167247/chang-s-original-fish-sauce
216854,Continental Seasoning Sensations Recipe Base Vietnamese Stir Fry 34g,$2.75 ,$8.09 / 100G,/shop/productdetails/216854/continental-seasoning-sensations-recipe-base-vietnamese-stir-fry
792918,Higher Living Cocoa Chilli Tea 15 Bags 30g,,,/shop/productdetails/792918/higher-living-cocoa-chilli-tea
686551,Jordans Granola Low Sugar Almond Hazelnut 500g,$4.25 ,$0.85 / 100G,/shop/productdetails/686551/jordans-granola-low-sugar-almond-hazelnut
924228,Moro Aged Balsamic Primula Vinegar 250ml,$10.00 ,$4.00 / 100ML,/shop/productdetails/924228/moro-aged-balsamic-primula-vinegar
348802,Aeroplane Jelly Lite Mango Passionfruit Low Calorie Jelly Crystals 2x9g,$2.00 ,$11.11 / 100G,/shop/productdetails/348802/aeroplane-jelly-lite-mango-passionfruit-low-calorie-jelly-crystals
160752,L'or Espresso Supremo Intensity 10 Coffee Capsules 40 Pack,$22.00 ,$0.55 / 1EA,/shop/productdetails/160752/l-or-espresso-supremo-intensity-10-coffee-capsules
84893,Woolworths Crunchy Honey Poppas 650g,$4.30 ,$0.66 / 100G,/shop/productdetails/84893/woolworths-crunchy-honey-poppas
58576,Always Fresh Green Peppercorns 100g,$3.00 ,$0.30 / 10G,/shop/productdetails/58576/always-fresh-green-peppercorns
314544,Betty Crocker Rainbow Cookie Mix Cookie Mix 495g,$6.00 ,$1.21 / 100G,/shop/productdetails/314544/betty-crocker-rainbow-cookie-mix-cookie-mix
33376,Kellogg's Corn Flakes Crumbs 300g,$3.60 ,$1.20 / 100G,/shop/productdetails/33376/kelloggs-corn-flakes-crumbs
96145,French's Classic Yellow American Mustard 226g,$3.50 ,$1.55 / 100G,/shop/productdetails/96145/french-s-classic-yellow-american-mustard
108509,Mug Shot Tomato & Herb Pasta 64g,$1.00 ,$1.56 / 100G,/shop/productdetails/108509/mug-shot-tomato-herb-pasta
1073982446,Samyang Hot Chicken Carbo Flavor Ramen 130g * 5bag x 2Pack,$39.99 ,$3.08 / 100G,/shop/productdetails/1073982446/samyang-hot-chicken-carbo-flavor-ramen-130g-5bag-x-2pack
81249,Marion's Kitchen Sticky Chilli Ginger 240ml,$5.00 ,$2.08 / 100ML,/shop/productdetails/81249/marion-s-kitchen-sticky-chilli-ginger
95093,Ocean Spray Craisins Dried Cranberries 170g,$4.00 ,$23.53 / 1KG,/shop/productdetails/95093/ocean-spray-craisins-dried-cranberries
67824,Ocean Spray Fruit Sauce Cranberry Jellied 275g,$3.90 ,$1.42 / 100G,/shop/productdetails/67824/ocean-spray-fruit-sauce-cranberry-jellied
552563,Passage To Thailand Massaman Curry Simmer Sauce 200g,$3.50 ,$1.75 / 100G,/shop/productdetails/552563/passage-to-thailand-massaman-curry-simmer-sauce
863732,Ayam Lemon Chicken Sauce 210ml,$4.00 ,$1.90 / 100ML,/shop/productdetails/863732/ayam-lemon-chicken-sauce
326800,Beerenberg Blackberry Jam 300g,$4.50 ,$1.50 / 100G,/shop/productdetails/326800/beerenberg-blackberry-jam
687777,Carman's Porridge Almond Pecan Hazelnut 320g,$5.00 ,$1.56 / 100G,/shop/productdetails/687777/carman-s-porridge-almond-pecan-hazelnut
85470,Dorset Nut Granola 450g,$4.25 ,$0.94 / 100G,/shop/productdetails/85470/dorset-nut-granola
215464,Macro Organic Self Raising Flour 1kg,$4.50 ,$4.50 / 1KG,/shop/productdetails/215464/macro-organic-self-raising-flour
234428,Mr Chen's Dumpling Sauce 250ml,$2.85 ,$1.14 / 100ML,/shop/productdetails/234428/mr-chen-s-dumpling-sauce
787154,Heinz Seriously Good Mayonnaise Spicy Peri Peri Mayo 295ml,$5.50 ,$1.86 / 100ML,/shop/productdetails/787154/heinz-seriously-good-mayonnaise-spicy-peri-peri-mayo
330654,Masterfoods Relish Cafe Green Tomato 250g,$4.00 ,$16.00 / 1KG,/shop/productdetails/330654/masterfoods-relish-cafe-green-tomato
115794,Nescafe Coffee Sachets 98% Sugar Free Mocha 10 Pack,$7.60 ,$0.76 / 1EA,/shop/productdetails/115794/nescafe-coffee-sachets-98-sugar-free-mocha
260867,Cobram Estate Extra Virgin Olive Oil 3l,$52.00 ,$1.73 / 100ML,/shop/productdetails/260867/cobram-estate-extra-virgin-olive-oil
234407,Mr Chen's Ramen Noodles 270g,$3.00 ,$1.11 / 100G,/shop/productdetails/234407/mr-chen-s-ramen-noodles
720003,Nando's Medium Peri-peri Quick Marinade 262g,$4.00 ,$1.53 / 100G,/shop/productdetails/720003/nando-s-medium-peri-peri-quick-marinade
84043,Hart & Soul All Natural Panang Curry Recipe Base 80g,$2.50 ,$0.31 / 10G,/shop/productdetails/84043/hart-soul-all-natural-panang-curry-recipe-base
267219,Hart & Soul Creamy Chicken And Noodle Soup 400g,$3.80 ,$0.95 / 100G,/shop/productdetails/267219/hart-soul-creamy-chicken-and-noodle-soup
116550,Lipton Iced Tea Lemon 20 Pack,$6.50 ,$0.33 / 1EA,/shop/productdetails/116550/lipton-iced-tea-lemon
307849,Twinings French Earl Grey 10 Pack,$2.00 ,$0.20 / 1EA,/shop/productdetails/307849/twinings-french-earl-grey
405658,Avofresh Soft Avocado Lime & Black Pepper 160g Tube,,,/shop/productdetails/405658/avofresh-soft-avocado-lime-black-pepper
187786,Betty Crocker Apple & Cinnamon Low Fat Muffin Mix 500g,$6.00 ,$1.20 / 100G,/shop/productdetails/187786/betty-crocker-apple-cinnamon-low-fat-muffin-mix
575822,Green's Brownie Mix Triple Chocolate Fudge 500g,$5.00 ,$1.00 / 100G,/shop/productdetails/575822/green-s-brownie-mix-triple-chocolate-fudge
63372,Messy Monkeys Choc Crunch Cereal 240g,$5.00 ,$2.08 / 100G,/shop/productdetails/63372/messy-monkeys-choc-crunch-cereal-choch-crunch
95413,Tilda Pure Original Basmati Rice 1kg,$6.95 ,$0.70 / 100G,/shop/productdetails/95413/tilda-pure-original-basmati-rice
99523,Marion's Kitchen San Choy Bow Cooking Kit 342g,$8.50 ,$2.49 / 100G,/shop/productdetails/99523/marion-s-kitchen-san-choy-bow-cooking-kit
106091,Oli & Vine Rich Honey Mustard Dressing 250ml,$5.00 ,$2.00 / 100ML,/shop/productdetails/106091/oli-vine-rich-honey-mustard-dressing
112406,St Dalfour Royal Fig 284g 284g,$5.70 ,$2.01 / 100G,/shop/productdetails/112406/st-dalfour-royal-fig-284g
310378,Aeroplane Original Lemon Flavoured Jelly 85g,$1.10 ,$1.29 / 100G,/shop/productdetails/310378/aeroplane-original-lemon-flavoured-jelly
790373,Kewpie Japanese Dresing Sesame Soy 210g,$5.20 ,$2.48 / 100ML,/shop/productdetails/790373/kewpie-japanese-dresing-sesame-soy
479087,Maggi Dry Recipe Bases Italian Style Mediterranean Meatballs 38g,$1.75 ,$4.61 / 100G,/shop/productdetails/479087/maggi-dry-recipe-bases-italian-style-mediterranean-meatballs
171631,Made With Kombucha Sweet Onion Relish 275g,$3.50 ,$1.27 / 100G,/shop/productdetails/171631/made-with-kombucha-sweet-onion-relish
174717,Moccona Coffee Sachets Latte 30 Pack,$12.00 ,$0.40 / 1EA,/shop/productdetails/174717/moccona-coffee-sachets-latte
87180,Ayam Hoisin Sauce 210ml,$4.00 ,$1.90 / 100ML,/shop/productdetails/87180/ayam-hoisin-sauce
702496,Ayam Panang Curry Paste Panang Curry 195g,$4.00 ,$2.05 / 100G,/shop/productdetails/702496/ayam-panang-curry-paste-panang-curry
970819,Green's Buttermilk Pancake Shake Mix Gluten Free 300g,$3.50 ,$1.17 / 100G,/shop/productdetails/970819/green-s-buttermilk-pancake-shake-mix-gluten-free
772585,Pandaroo Thai Palm Sugar 220g,$2.75 ,$1.25 / 100G,/shop/productdetails/772585/pandaroo-thai-palm-sugar
150171,Woolworths Pad Thai Stir Fry Sauce 150g,$1.75 ,$1.17 / 100G,/shop/productdetails/150171/woolworths-pad-thai-stir-fry-sauce
210624,Hoyts Chilli Dried Crushed 100g,$4.95 ,$0.50 / 10G,/shop/productdetails/210624/hoyts-chilli-dried-crushed
753954,Katoomba Ingredients Toor Dal 1kg,$4.70 ,$0.47 / 100G,/shop/productdetails/753954/katoomba-ingredients-toor-dal
87913,Woolworths Chipotle Mayonnaise 250ml,$2.50 ,$1.00 / 100ML,/shop/productdetails/87913/woolworths-chipotle-mayonnaise
85132,Carman's Super Berry Muesli 875g,$9.50 ,$1.09 / 100G,/shop/productdetails/85132/carman-s-super-berry-muesli
841640,Ichiban Noodle Bowl Roast Beef 150g,$5.50 ,$3.67 / 100G,/shop/productdetails/841640/ichiban-noodle-bowl-roast-beef
214783,25 Degrees South Native Pumpkin Ricotta Ravioli Pasta 325g,$9.00 ,$2.77 / 100G,/shop/productdetails/214783/25-degrees-south-native-pumpkin-ricotta-ravioli-pasta
224909,Maggi Oriental Flavour Cup Instant Noodles 60g,$2.50 ,$4.17 / 100G,/shop/productdetails/224909/maggi-oriental-flavour-cup-instant-noodles
739484,Woolworths Honey Quick Oats Sachets 12 Pack,$3.30 ,$0.79 / 100G,/shop/productdetails/739484/woolworths-honey-quick-oats-sachets
209277,Hart & Soul Thai Basil Stir Fry Recipe Base 80g,$2.50 ,$0.31 / 10G,/shop/productdetails/209277/hart-soul-thai-basil-stir-fry-recipe-base
76083,Angas Park Apricot Diced 200g,$6.00 ,$30.00 / 1KG,/shop/productdetails/76083/angas-park-apricot-diced
680956,Betty Crocker Chocolate Gluten Free Frosting 400g,$5.50 ,$1.38 / 100G,/shop/productdetails/680956/betty-crocker-chocolate-gluten-free-frosting
801068,Golden Circle Tropical Pineapple Slices Tinned Canned Fruit In Juice 425g,$3.10 ,$7.29 / 1KG,/shop/productdetails/801068/golden-circle-tropical-pineapple-slices-tinned-canned-fruit-in-juice
90001,Harris Coffee Beans Strong 1kg,$26.00 ,$2.60 / 100G,/shop/productdetails/90001/harris-coffee-beans-strong
32593,Plumrose Frankfurts Cocktail 400g,$5.70 ,$14.25 / 1KG,/shop/productdetails/32593/plumrose-frankfurts-cocktail
161106,Barkers Lemon Curd 400g,$6.30 ,$1.58 / 100G,/shop/productdetails/161106/barker-s-lemon-curd
55934,Illy Classico Espresso Capsules 10 Pack,$6.00 ,$0.60 / 1EA,/shop/productdetails/55934/illy-classico-espresso-capsules
727598,Woolworths Cashews Dry Roasted 150g,$5.00 ,$33.33 / 1KG,/shop/productdetails/727598/woolworths-cashews-dry-roasted
727560,Laucke Crusty White Bread Mix 500g,$4.00 ,$8.00 / 1KG,/shop/productdetails/727560/laucke-crusty-white-bread-mix
95166,Lavazza A Modo Mio Crema E Gusto Espresso Coffee Capsules 16 Pack,$7.50 ,$0.47 / 1EA,/shop/productdetails/95166/lavazza-a-modo-mio-crema-e-gusto-espresso-coffee-capsules
297224,Masterfoods Creamy Herb Garlic Potato Bake 175g,$2.80 ,$1.60 / 100G,/shop/productdetails/297224/masterfoods-creamy-herb-garlic-potato-bake
172303,Three Threes Australian Gherkins Sweet Sliced 400g,$4.00 ,$1.00 / 100G,/shop/productdetails/172303/three-threes-australian-gherkins-sweet-sliced
97580,Bega Simply Nuts Smooth Natural Peanut Butter 650g,$8.50 ,$1.31 / 100G,/shop/productdetails/97580/bega-simply-nuts-smooth-natural-peanut-butter
185963,La Molisana Pesto Al Basilico 190g,$4.50 ,$2.37 / 100G,/shop/productdetails/185963/la-molisana-pesto-al-basilico
805929,Nescafe Dolce Gusto Americano Rich Aroma Coffee Pods 16 Pack,$10.00 ,$0.63 / 1EA,/shop/productdetails/805929/nescafe-dolce-gusto-americano-rich-aroma-coffee-pods
278856,Raw Earth White Stevia 300g,$5.00 ,$1.67 / 100G,/shop/productdetails/278856/raw-earth-white-stevia
581283,Woolworths Potato Bacon Bake 650g,$12.50 ,$1.92 / 100G,/shop/productdetails/581283/woolworths-potato-bacon-bake
67238,Vitamilk Soy Thai Tea 300ml,$1.95 ,$6.50 / 1L,/shop/productdetails/67238/vitamilk-soy-thai-tea
114578,Noshu 97% Sugar Free Protein Pancake Mix 200g,$6.40 ,$3.20 / 100G,/shop/productdetails/114578/noshu-97-sugar-free-protein-pancake-mix
203084,The Spice Tailor Mangalore Roasted Coconut Kit 300g,$3.10 ,$1.03 / 100G,/shop/productdetails/203084/the-spice-tailor-mangalore-roasted-coconut-kit
17605,Moccona Freeze Dried Instant Coffee Indulgence 200g,$17.00 ,$8.50 / 100G,/shop/productdetails/17605/moccona-freeze-dried-instant-coffee-indulgence
308171,Savour Canned Spicy Beans Broad 100g,$2.00 ,$20.00 / 1KG,/shop/productdetails/308171/savour-canned-spicy-beans-broad
695460,Woolworths Rice Bran Oil Spray 225g,$3.90 ,$1.73 / 100G,/shop/productdetails/695460/woolworths-rice-bran-oil-spray
757902,Cholula Hot Sauce 150ml,$5.00 ,$3.33 / 100ML,/shop/productdetails/757902/cholula-hot-sauce
260690,Continental Sensations Spanish Chicken Paella With Rice 61g,$2.50 ,$4.10 / 100G,/shop/productdetails/260690/continental-sensations-spanish-chicken-paella-with-rice
274873,Kellogg's Froot Loops Cinnamon Donut Flavour 255g,$7.00 ,$2.75 / 100G,/shop/productdetails/274873/kelloggs-froot-loops-cinnamon-donut-flavour
829182,Mogu Mogu Drink Lychee 320ml,,,/shop/productdetails/829182/mogu-mogu-drink-lychee
425685,Kintra Foods Dandy Chai Blend 90g,$7.50 ,$8.33 / 100G,/shop/productdetails/425685/kintra-foods-dandy-chai-blend
168885,Masterfoods Mexican Style Spice Blend 20g,$2.50 ,$1.25 / 10G,/shop/productdetails/168885/masterfoods-mexican-style-spice-blend
24333,Six Fortune Snacks Rice Crackers 112g,$3.60 ,$3.21 / 100G,/shop/productdetails/24333/six-fortune-snacks-rice-crackers
716225,The Food Company Garlic Chilli Thai Basil 240g,$4.50 ,$0.19 / 10G,/shop/productdetails/716225/the-food-company-garlic-chilli-thai-basil
555398,Gourmet Garden Lightly Dried Chives 4g,$4.00 ,$10.00 / 10G,/shop/productdetails/555398/gourmet-garden-lightly-dried-chives
814477,Indomie Chitato Mi Goreng Chips 55g,$2.25 ,$4.09 / 100G,/shop/productdetails/814477/indomie-chitato-mi-goreng-chips
230684,Buderim Naked Ginger Uncrystallised 175g,$5.00 ,$28.57 / 1KG,/shop/productdetails/230684/buderim-ginger-naked-ginger-uncrystallised
33276,Masterfoods Garam Masala 30g,$3.50 ,$1.17 / 10G,/shop/productdetails/33276/masterfoods-garam-masala
234591,Mr Chen's Premium Thai Coconut Cream Gluten Free 400ml,,,/shop/productdetails/234591/mr-chen-s-premium-thai-coconut-cream-gluten-free
185962,La Molisana Pesto Rosso 190g,$4.50 ,$2.37 / 100G,/shop/productdetails/185962/la-molisana-pesto-rosso
446478,Maggi Dry Recipe Bases Your Meal Your Way Mexican Nachos 41g,$1.75 ,$4.27 / 100G,/shop/productdetails/446478/maggi-dry-recipe-bases-your-meal-your-way-mexican-nachos
35053,Masterfoods Mixed Spice 30g,$3.40 ,$1.13 / 10G,/shop/productdetails/35053/masterfoods-mixed-spice
347112,Green's Cake Mix Banana 430g,$2.50 ,$0.58 / 100G,/shop/productdetails/347112/green-s-cake-mix-banana
213280,Praise Whole Egg Mayonnaise Mayonnaise 445g,$6.00 ,$1.35 / 100G,/shop/productdetails/213280/praise-whole-egg-mayonnaise-mayonnaise
41836,Sharwood's Mango & Ginger Chutney 354g,$6.00 ,$1.69 / 100G,/shop/productdetails/41836/sharwood-s-mango-ginger-chutney
178465,Barkers Classic Chocolate Sauce 365g,$4.50 ,$1.23 / 100G,/shop/productdetails/178465/barker-s-classic-chocolate-sauce
707371,Woolworths Oregano Fresh Herb 10g Punnet,,,/shop/productdetails/707371/woolworths-oregano-fresh-herb
808997,Woolworths Pure Australian Honey Pail 1kg,$12.50 ,$1.25 / 100G,/shop/productdetails/808997/woolworths-pure-australian-honey-pail
449918,Dr. Oetker Gelatine Powder 36g,$2.45 ,$6.81 / 100G,/shop/productdetails/449918/dr-oetker-gelatine-powder
844408,Nando's Mild Peri-peri Chilli Sauce Sauce 250g,$6.80 ,$2.72 / 100G,/shop/productdetails/844408/nando-s-mild-peri-peri-chilli-sauce-sauce
99801,Nature Nate's 100% Pure Australian Raw & Unfiltered Honey 500g,$9.00 ,$1.80 / 100G,/shop/productdetails/99801/nature-nate-s-100-pure-australian-raw-unfiltered-honey
710045,Kellogg's Special K Fruit & Nut Breakfast Cereal 430g,$7.80 ,$1.81 / 100G,/shop/productdetails/710045/kelloggs-special-k-fruit-nut-breakfast-cereal
231812,Macro Cashew Kernels 250g,$6.30 ,$25.20 / 1KG,/shop/productdetails/231812/macro-cashew-kernels
202804,The Spice Tailor Malabar Biryani Kit 360g,$4.75 ,$1.32 / 100G,/shop/productdetails/202804/the-spice-tailor-malabar-biryani-kit
286257,Carbonell Extra Virgin Olive Oil 4l,$42.00 ,$1.05 / 100ML,/shop/productdetails/286257/carbonell-extra-virgin-olive-oil
33832,Nescafe Blend 43 Instant Coffee Jar 50g,$6.50 ,$13.00 / 100G,/shop/productdetails/33832/nescafe-blend-43-instant-coffee-jar
199385,Pasta Roma Gluten Free Spirals 350g,$4.50 ,$1.29 / 100G,/shop/productdetails/199385/pasta-roma-gluten-free-spirals
323730,Gravox Lamb & Rosemary Family Pack Liquid Gravy Pouch 250g,$4.00 ,$1.60 / 100G,/shop/productdetails/323730/gravox-lamb-rosemary-family-pack-liquid-gravy-pouch
70288,Hoyts Garlic Granules 40g,$2.20 ,$0.55 / 10G,/shop/productdetails/70288/hoyts-garlic-granules
150076,Hubbards Almond & Pecan Toasted Muesli 450g,$4.50 ,$1.00 / 100G,/shop/productdetails/150076/hubbards-almond-pecan-toasted-muesli
112518,T2 Melbourne Breakfast Tea Bags 10 Pack,$7.00 ,$0.70 / 1EA,/shop/productdetails/112518/t2-melbourne-breakfast-tea-bags
224366,Freedom Classic Corn Flakes Cereal 270g,$5.00 ,$1.85 / 100G,/shop/productdetails/224366/freedom-classic-corn-flakes-cereal
827076,Indomie Instant Noodles Hot & Spicy Mi Goreng 80g,$0.75 ,$0.94 / 100G,/shop/productdetails/827076/indomie-instant-noodles-hot-spicy-mi-goreng
298987,Masterfoods Mango Chutney Relish 250g,$4.00 ,$16.00 / 1KG,/shop/productdetails/298987/masterfoods-mango-chutney-relish
232228,Nando's Peri Peri Rub Garlic Medium 25g,$3.40 ,$1.36 / 10G,/shop/productdetails/232228/nando-s-peri-peri-rub-garlic-medium
37997,Woolworths Mixed Fruit 1kg,$5.50 ,$5.50 / 1KG,/shop/productdetails/37997/woolworths-mixed-fruit
171265,Kellogg's All-bran High Fibre Breakfast Cereal 350g,$6.50 ,$1.86 / 100G,/shop/productdetails/171265/kelloggs-all-bran-high-fibre-breakfast-cereal
32695,Moccona Freeze Dried Instant Coffee Classic Medium Roast 50g,$7.00 ,$14.00 / 100G,/shop/productdetails/32695/moccona-freeze-dried-instant-coffee-classic-medium-roast
217155,Orgran Gluten Free Porridge Quinoa 500g,$8.00 ,$1.60 / 100G,/shop/productdetails/217155/orgran-gluten-free-porridge-quinoa
528827,Ocean Spray Reduced Sugar Craisins 250g,$6.00 ,$24.00 / 1KG,/shop/productdetails/528827/ocean-spray-reduced-sugar-craisins
346122,Woolworths Chicken Mustard Mayo 85g,$1.40 ,$16.47 / 1KG,/shop/productdetails/346122/woolworths-chicken-mustard-mayo
18145,Essentials Cooking Chocolate Milk 375g,,,/shop/productdetails/18145/essentials-cooking-chocolate-milk
211235,Macro Organic Tomato Chutney 250g,$5.00 ,$2.00 / 100G,/shop/productdetails/211235/macro-organic-tomato-chutney
269914,Barkers Anathoth Farm Boysenberry Jam 455g,$6.30 ,$1.38 / 100G,/shop/productdetails/269914/barker-s-anathoth-farm-boysenberry-jam
208948,Hart & Soul Chinese Style Five Spice & Soy Stir Fry Recipe Base 80g,$2.50 ,$0.31 / 10G,/shop/productdetails/208948/hart-soul-chinese-style-five-spice-soy-stir-fry-recipe-base
254495,Jarrah French Vanilla Latte Instant Coffee 250g,$7.50 ,$3.00 / 100G,/shop/productdetails/254495/jarrah-french-vanilla-latte-instant-coffee
205506,Kialla Pure Organic Classic Sourdough Mix 450g,$7.00 ,$1.56 / 100G,/shop/productdetails/205506/kialla-pure-organic-classic-sourdough-mix
700580,Mccormick Organic Cumin Ground 14g,$2.25 ,$1.61 / 10G,/shop/productdetails/700580/mccormick-organic-cumin-ground
255257,Mckenzie's Baking Aids Gelatine 100g,$4.20 ,$4.20 / 100G,/shop/productdetails/255257/mckenzie-s-baking-aids-gelatine
699538,Nescafe Dolce Gusto Flat White Coffee Pods 16 Pack,$10.00 ,$0.63 / 1EA,/shop/productdetails/699538/nescafe-dolce-gusto-flat-white-coffee-pods
37281,Australian Organic Food Co Fruit Puree Apple Plum Apricot & Peach 120g,$2.50 ,$20.83 / 1KG,/shop/productdetails/37281/australian-organic-food-co-fruit-puree-apple-plum-apricot-peach
213256,Cardini's Dressings Creamy Caesar 350ml,$7.70 ,$2.20 / 100ML,/shop/productdetails/213256/cardini-s-dressings-creamy-caesar
17513,Green's Cake Mix Traditional Date Loaf 415g,$2.50 ,$0.60 / 100G,/shop/productdetails/17513/green-s-cake-mix-traditional-date-loaf
141963,Mckenzie's Ancient Grain Soup Mix 375g,$2.30 ,$0.61 / 100G,/shop/productdetails/141963/mckenzie-s-ancient-grain-soup-mix
170002,Mingle Garlic & Herb All Natural Seasoning 50g,$3.95 ,$0.79 / 10G,/shop/productdetails/170002/mingle-garlic-herb-all-natural-seasoning
352739,Peyman Salted Sunflower Seeds 340g,,,/shop/productdetails/352739/peyman-salted-sunflower-seeds
158983,Vittoria Coffee Beans Latte 1kg,$22.00 ,$2.20 / 100G,/shop/productdetails/158983/vittoria-coffee-beans-latte
37259,Australian Organic Food Co Fruit Puree Apple & Strawberry 120g,$2.50 ,$20.83 / 1KG,/shop/productdetails/37259/australian-organic-food-co-fruit-puree-apple-strawberry
164866,Praise Balsamic Dressing 99% Fat Free 330ml,$3.00 ,$0.91 / 100ML,/shop/productdetails/164866/praise-balsamic-dressing-99-fat-free
329808,Meiji Biscuit Hello Panda Snacks Chocolate 50g,$2.10 ,$4.20 / 100G,/shop/productdetails/329808/meiji-biscuit-hello-panda-snacks-chocolate
222736,Campos Superior Aluminium Coffee Capsules 10 Pack,$7.60 ,$0.76 / 1EA,/shop/productdetails/222736/campos-superior-aluminium-coffee-capsules
494324,La Costena Mexican Style Chipotle In Adobo Sauce 230g,$6.50 ,$2.83 / 100G,/shop/productdetails/494324/la-costena-mexican-style-chipotle-in-adobo-sauce
334868,Macro Dry Roasted Cashews Nuts 250g,$8.00 ,$32.00 / 1KG,/shop/productdetails/334868/macro-dry-roasted-cashews-nuts
257713,Maggi Dry Recipe Bases Chinese Fried Rice 28g,$1.75 ,$6.25 / 100G,/shop/productdetails/257713/maggi-dry-recipe-bases-chinese-fried-rice
344,Mckenzie's Acid Citric 75g,$3.00 ,$4.00 / 100G,/shop/productdetails/344/mckenzie-s-acid-citric
800325,Nescafe Blend 43 Smooth & Creamy Instant Coffee 140g,$11.50 ,$8.21 / 100G,/shop/productdetails/800325/nescafe-blend-43-smooth-creamy-instant-coffee
465084,Always Fresh Kalamata Olives Pitted 220g,$5.00 ,$22.73 / 1KG,/shop/productdetails/465084/always-fresh-kalamata-olives-pitted
184974,Arnold's Farm Clusters Berry Crumble 700g,$5.00 ,$0.71 / 100G,/shop/productdetails/184974/arnold-s-farm-clusters-berry-crumble
716793,Hoyts Cinnamon Sugar 70g,$2.30 ,$0.33 / 10G,/shop/productdetails/716793/hoyts-cinnamon-sugar
254492,Jarrah Swiss Caf Instant Mocha 250g,$7.50 ,$3.00 / 100G,/shop/productdetails/254492/jarrah-swiss-caf-instant-mocha-swiss-style-cocoa-98-fat-free
159369,L'or Espresso Intense Collection Variety Coffee Capsules 40 Pack,$22.00 ,$0.55 / 1EA,/shop/productdetails/159369/l-or-espresso-intense-collection-variety-coffee-capsules
59119,Mccormick Organic Ginger Powder 10g,$2.25 ,$2.25 / 10G,/shop/productdetails/59119/mccormick-organic-ginger-powder
262412,Raw C Organic Coconut Oil 500ml,$8.00 ,$1.60 / 100ML,/shop/productdetails/262412/raw-c-organic-coconut-oil
449941,Dr. Oetker Edible Decorations Giant Chocolate Stars 20g,$4.25 ,$21.25 / 100G,/shop/productdetails/449941/dr-oetker-edible-decorations-giant-chocolate-stars
784113,Goulburn Valley Two Fruits In Juice 700g,$4.60 ,$6.57 / 1KG,/shop/productdetails/784113/goulburn-valley-two-fruits-in-juice
94485,Masterfoods Paprika 115g,$6.80 ,$0.59 / 10G,/shop/productdetails/94485/masterfoods-paprika
33311,Crisco Vegetable Blended Oil 2l,$9.00 ,$0.45 / 100ML,/shop/productdetails/33311/crisco-vegetable-blended-oil
690360,Macro Organic Fairtrade Ground Coffee Medium 200g,$6.60 ,$3.30 / 100G,/shop/productdetails/690360/macro-organic-fairtrade-ground-coffee-medium
841673,Mamee Chef Curry Laksa Cup 72g,$2.50 ,$3.47 / 100G,/shop/productdetails/841673/mamee-chef-curry-laksa-cup
323391,Masterfoods Chicken Casserole Slow Cook Recipe Base 175g,$2.80 ,$1.60 / 100G,/shop/productdetails/323391/masterfoods-chicken-casserole-slow-cook-recipe-base
60437,Queen Sugar Free Maple Flavoured Syrup Apple & Cinnamon 355ml,$3.75 ,$1.06 / 100ML,/shop/productdetails/60437/queen-sugar-free-maple-flavoured-syrup-apple-cinnamon
32471,Rosella Red Cocktail Onions 150g,$2.50 ,$16.67 / 1KG,/shop/productdetails/32471/rosella-red-cocktail-onions
232962,Spc Fruit Powerz Apple & Mango Puree Pouches 90g X 4 Pack,$5.00 ,$13.89 / 1KG,/shop/productdetails/232962/spc-fruit-powerz-apple-mango-puree-pouches
248385,Angas Park Apricots Snack Packs 5pk,$4.80 ,$38.40 / 1KG,/shop/productdetails/248385/angas-park-apricots-snack-packs
33893,Bonox Beef Stock Paste Extract 230g,$5.50 ,$0.24 / 10G,/shop/productdetails/33893/bonox-beef-stock-paste-extract
234635,Celebrate Health Keto Vegan Mayo 430ml,$6.30 ,$1.47 / 100ML,/shop/productdetails/234635/celebrate-health-keto-vegan-mayo
223889,Freedom Active Balance Cranberry & Buckwheat Cereal 400g,$7.50 ,$1.88 / 100G,/shop/productdetails/223889/freedom-active-balance-cranberry-buckwheat-cereal
609563,Jordans Crispy Oat Clusters Maple & Pecan 500g,$4.25 ,$0.85 / 100G,/shop/productdetails/609563/jordans-crispy-oat-clusters-maple-pecan
840616,Masterfoods Chicken Alfredo Recipe Base 170g,$2.80 ,$1.65 / 100G,/shop/productdetails/840616/masterfoods-chicken-alfredo-recipe-base
60474,Sweet Baby Ray's Sweet N Spicy Bbq Sauce 425ml,$6.90 ,$1.62 / 100ML,/shop/productdetails/60474/sweet-baby-ray-s-sweet-n-spicy-bbq-sauce
134879,Woolworths Gooseberries In Syrup 410g,$1.00 ,$2.44 / 1KG,/shop/productdetails/134879/woolworths-gooseberries-in-syrup
803737,Ayam Black Sesame Oil 210ml,$6.00 ,$2.86 / 100ML,/shop/productdetails/803737/ayam-black-sesame-oil
702417,Ayam Gado Gado Peanut Sauce Gado Gado Peanut 250ml,$3.90 ,$1.56 / 100ML,/shop/productdetails/702417/ayam-gado-gado-peanut-sauce-gado-gado-peanut
71586,Azalea Grape Seed Oil 1l,$13.00 ,$1.30 / 100ML,/shop/productdetails/71586/azalea-grape-seed-oil
36437,Hot Pot Casserole Base Savoury 80g,$2.99 ,$3.74 / 100G,/shop/productdetails/36437/hot-pot-casserole-base-savoury
159672,Lipton Chai Latte Spiced 16 Pack,$6.50 ,$0.41 / 1EA,/shop/productdetails/159672/lipton-chai-latte-spiced
100326,Marion's Kitchen Pad Thai Cooking Kit 358g,$8.50 ,$2.37 / 100G,/shop/productdetails/100326/marion-s-kitchen-pad-thai-cooking-kit
235502,Masterfoods Cafe Style Avocado Smash Spice Blend 30g,$3.50 ,$1.17 / 10G,/shop/productdetails/235502/masterfoods-cafe-style-avocado-smash-spice-blend
830267,Hot Kids Rice Snacks Want Want 500g,$10.00 ,$2.00 / 100G,/shop/productdetails/830267/hot-kids-rice-snacks-want-want
765674,Sunrice Organic Brown Rice 750g,$5.00 ,$0.67 / 100G,/shop/productdetails/765674/sunrice-organic-brown-rice
4412,Beerenberg Hot Tomato Chutney 260g,$5.50 ,$2.12 / 100G,/shop/productdetails/4412/beerenberg-hot-tomato-chutney
223654,Gokids Chocolate Oat Milk 200ml,$3.30 ,$5.50 / 1L,/shop/productdetails/223654/gokids-chocolate-oat-milk
35203,Masterfoods Garlic Granules 155g,$6.50 ,$0.42 / 10G,/shop/productdetails/35203/masterfoods-garlic-granules
160116,Mayver's Dark Roasted Peanut Butter Crunchy 750g,$9.80 ,$1.31 / 100G,/shop/productdetails/160116/mayver-s-dark-roasted-peanut-butter-crunchy
58552,Mccormick Katsu Crumb Style Street Food Seasoning 25g,$2.50 ,$1.00 / 10G,/shop/productdetails/58552/mccormick-katsu-crumb-style-street-food-seasoning
47554,Three Threes Onions Pickled Old Style 500g,$5.10 ,$10.20 / 1KG,/shop/productdetails/47554/three-threes-onions-pickled-old-style
221403,Tilda Masala Basmati Rice Medium 250g,$3.50 ,$1.40 / 100G,/shop/productdetails/221403/tilda-masala-basmati-rice-medium
1073908199,Zappo Showbag -20pc,$22.00 ,$22.00 / 1EA,/shop/productdetails/1073908199/zappo-showbag-20pc
241109,Aeroplane Jelly Lite Blueberry Flavour Low Calorie Jelly Crystals 2x9g,$2.00 ,$11.11 / 100G,/shop/productdetails/241109/aeroplane-jelly-lite-blueberry-flavour-low-calorie-jelly-crystals
38181,Angas Park Peaches Dried 200g,$6.30 ,$31.50 / 1KG,/shop/productdetails/38181/angas-park-peaches-dried
579236,Macro Organic Buckwheat Flour 500g,$5.00 ,$10.00 / 1KG,/shop/productdetails/579236/macro-organic-buckwheat-flour
122037,Miso Tasty Red Miso Paste 200g,$7.95 ,$3.98 / 100G,/shop/productdetails/122037/miso-tasty-red-miso-paste
732562,Moccona Freeze Dried Instant Coffee Caramel 95g,$11.50 ,$12.11 / 100G,/shop/productdetails/732562/moccona-freeze-dried-instant-coffee-caramel
309435,Starbucks By Nespresso Creamy Vanilla Flavoured Coffee Capsules 10 Pack,$7.90 ,$0.79 / 1EA,/shop/productdetails/309435/starbucks-by-nespresso-creamy-vanilla-flavoured-coffee-capsules
223901,Twinings Live Well Revive Tea Bags 20 Pack,$4.25 ,$0.21 / 1EA,/shop/productdetails/223901/twinings-live-well-revive-tea-bags
700528,Mccormick Organic Chilli Flakes 12g,$2.25 ,$1.88 / 10G,/shop/productdetails/700528/mccormick-organic-chilli-flakes
677961,Woolworths High Fibre Bran 500g,$2.80 ,$0.56 / 100G,/shop/productdetails/677961/woolworths-high-fibre-bran
815456,Zwan Luncheon Meat Halal Chicken 850g,$10.00 ,$1.18 / 100G,/shop/productdetails/815456/zwan-luncheon-meat-halal-chicken
262816,Heart Table Salt 150g,$3.00 ,$0.20 / 10G,/shop/productdetails/262816/heart-salt-heart-table-salt
553057,Macro Organic Smooth Peanut Butter 375g,$6.00 ,$1.60 / 100G,/shop/productdetails/553057/macro-organic-smooth-peanut-butter
35941,Masterfoods Cinnamon Sugar 55g,$2.40 ,$0.44 / 10G,/shop/productdetails/35941/masterfoods-cinnamon-sugar
159159,Moccona Plant Based Coffee Sachets Almond Latte 8 Pack,$3.50 ,$0.44 / 1EA,/shop/productdetails/159159/moccona-plant-based-coffee-sachets-almond-latte
252378,Sandhurst Artichoke Hearts In Brine 280g,$5.50 ,$19.64 / 1KG,/shop/productdetails/252378/sandhurst-artichoke-hearts-in-brine
827530,Bega Almond Spread Crunchy 325g,$6.90 ,$2.12 / 100G,/shop/productdetails/827530/bega-almond-spread-crunchy
774320,Jamie Oliver Pesto Chilli And Garlic 190g,$4.50 ,$2.37 / 100G,/shop/productdetails/774320/jamie-oliver-pesto-chilli-and-garlic
85598,Jordans Low Sugar Granola Blueberry & Coconut 500g,$4.25 ,$0.85 / 100G,/shop/productdetails/85598/jordans-low-sugar-granola-blueberry-coconut
169393,Nestle Sweetened Condensed Milk 170g,$3.20 ,$1.88 / 100G,/shop/productdetails/169393/nestle-sweetened-condensed-milk
948509,Gourmet Garden Paste Coriander 80g,$4.00 ,$0.50 / 10G,/shop/productdetails/948509/gourmet-garden-paste-coriander
57488,Kushi Cake Rusk 400g,$6.00 ,$1.50 / 100G,/shop/productdetails/57488/kushi-cake-rusk
38109,Lee Kum Kee Sauce Char Siu 240g,$5.00 ,$2.08 / 100G,/shop/productdetails/38109/lee-kum-kee-sauce-char-siu
235446,Masterfoods Perfect For Lamb Spice Blend 20g,$2.50 ,$1.25 / 10G,/shop/productdetails/235446/masterfoods-perfect-for-lamb-spice-blend
238293,Masterfoods Smokey Chipotle No Rules Sauce 250ml,$4.80 ,$1.92 / 100ML,/shop/productdetails/238293/masterfoods-smokey-chipotle-no-rules-sauce
45058,Moccona Freeze Dried Instant Coffee Espresso 400g,$28.00 ,$7.00 / 100G,/shop/productdetails/45058/moccona-freeze-dried-instant-coffee-espresso
593301,Gourmet Garden Oregano Lightly Dried 5g,$4.00 ,$8.00 / 10G,/shop/productdetails/593301/gourmet-garden-oregano-lightly-dried
143006,Lakanto Monkfruit No Sugar Added Golden Malt Flavoured Syrup 300ml,$8.00 ,$2.67 / 100ML,/shop/productdetails/143006/lakanto-monkfruit-no-sugar-added-golden-malt-flavoured-syrup
169366,Masterfoods Mediterranean Style Spice Blend 20g,$2.50 ,$1.25 / 10G,/shop/productdetails/169366/masterfoods-mediterranean-style-spice-blend
332186,Heinz Seriously Good Lite Mayonnaise Light Mayo 285ml,$5.50 ,$1.93 / 100ML,/shop/productdetails/332186/heinz-seriously-good-lite-mayonnaise-light-mayo
669459,Birch & Waite Milk Chocolate Dessert Sauce 130g,$3.00 ,$23.08 / 1KG,/shop/productdetails/669459/birch-waite-milk-chocolate-dessert-sauce
433259,Maharajah's Choice Ground Cumin Spice 250g,$2.50 ,$0.10 / 10G,/shop/productdetails/433259/maharajah-s-choice-ground-cumin-spice
87865,Old El Paso Enchilada Kit Mexican Style 1.04kg,$12.00 ,$1.15 / 100G,/shop/productdetails/87865/old-el-paso-enchilada-kit-mexican-style
242135,Rosella Organic Barbeque Sauce Smoky & Spicy 250ml,$6.50 ,$2.60 / 100ML,/shop/productdetails/242135/rosella-organic-barbeque-sauce-smoky-spicy
240383,Aeroplane Jelly Lite Grape Flavour Low Calorie Jelly Crystals 2x9g,$2.00 ,$11.11 / 100G,/shop/productdetails/240383/aeroplane-jelly-lite-grape-flavour-low-calorie-jelly-crystals
97579,Bega Simply Nuts Crunchy Peanut Butter 650g,$8.50 ,$1.31 / 100G,/shop/productdetails/97579/bega-simply-nuts-crunchy-peanut-butter
292780,Carman's Fruit & Nut Crispy Deluxe Muesli 400g,$8.00 ,$2.00 / 100G,/shop/productdetails/292780/carman-s-fruit-nut-crispy-deluxe-muesli
575837,Mayver's Dark Roast Smooth Peanut Butter 375g,$4.60 ,$1.23 / 100G,/shop/productdetails/575837/mayver-s-dark-roast-smooth-peanut-butter
274781,So Good Chocolate Oat Milk 1l,$3.50 ,$3.50 / 1L,/shop/productdetails/274781/so-good-chocolate-oat-milk
929191,Cobram Estate Olive Oil Roasted Onion Infused 250ml,$7.70 ,$3.08 / 100ML,/shop/productdetails/929191/cobram-estate-olive-oil-roasted-onion-infused
357267,Macro Natural Cashew Spread 250g,$5.70 ,$2.28 / 100G,/shop/productdetails/357267/macro-natural-cashew-spread
114380,Nescafe Blend 43 Espresso 500g,$17.00 ,$3.40 / 100G,/shop/productdetails/114380/nescafe-blend-43-espresso
573467,Only Organic Extra Virgin Coconut Oil 300g,$4.40 ,$1.47 / 100G,/shop/productdetails/573467/only-organic-extra-virgin-coconut-oil
792476,Tilda Heat & Serve Brown Basmati Rice & Quinoa 250g,$3.50 ,$1.40 / 100G,/shop/productdetails/792476/tilda-heat-serve-brown-basmati-rice-quinoa
67146,Bonne Maman Orange Marmalade 370g,$5.50 ,$1.49 / 100G,/shop/productdetails/67146/bonne-maman-orange-marmalade
805127,Fish Well Preserved Vege Yuquan 350g,$3.70 ,$1.06 / 100G,/shop/productdetails/805127/fish-well-preserved-vege-yuquan
694862,Macro Organic Cornflour 300g,$3.40 ,$11.33 / 1KG,/shop/productdetails/694862/macro-organic-cornflour
375118,Masterfoods Mild Chicken Curry Slow Cook Recipe Base 175g,$2.80 ,$1.60 / 100G,/shop/productdetails/375118/masterfoods-mild-chicken-curry-slow-cook-recipe-base
234634,Mr Chen's Premium Pad Thai Noodles 300g,$2.35 ,$0.78 / 100G,/shop/productdetails/234634/mr-chen-s-premium-pad-thai-noodles
67484,Lao Gan Ma Chilli Oil Three Ting 210g,$4.40 ,$2.10 / 100G,/shop/productdetails/67484/lao-gan-ma-chilli-oil-three-ting
446477,Maggi Dry Recipe Bases Chicken Chasseur 35g,$1.75 ,$5.00 / 100G,/shop/productdetails/446477/maggi-dry-recipe-bases-chicken-chasseur
167342,Samyang Ramen Spicy 5 Pack,$8.00 ,$1.33 / 100G,/shop/productdetails/167342/samyang-ramen-spicy
37941,Australian Organic Food Co Fruit Puree Pear Peach Nectarine 120g,$2.50 ,$20.83 / 1KG,/shop/productdetails/37941/australian-organic-food-co-fruit-puree-pear-peach-nectarine
827036,Double Phoenix Cooking Wine 640g,$2.60 ,$0.41 / 100ML,/shop/productdetails/827036/double-phoenix-cooking-wine
148981,Hubbards Cocoa & Coconut Toasted Granola 450g,$7.50 ,$1.67 / 100G,/shop/productdetails/148981/hubbards-cocoa-coconut-toasted-granola
265403,Mission Tortilla Triangles Taco 400g,$6.60 ,$1.65 / 100G,/shop/productdetails/265403/mission-tortilla-triangles-taco
770073,Woolworths Free From Gluten Brownie Mix 400g,$4.00 ,$1.00 / 100G,/shop/productdetails/770073/woolworths-free-from-gluten-brownie-mix
380903,Aeroplane Jelly Lite Vanilla Berry Low Calorie Jelly Crystals 2x9g,$2.00 ,$11.11 / 100G,/shop/productdetails/380903/aeroplane-jelly-lite-vanilla-berry-low-calorie-jelly-crystals
827884,Clive Of India Hot Madras Curry Powder 50g,$2.80 ,$0.56 / 10G,/shop/productdetails/827884/clive-of-india-hot-madras-curry-powder
808018,Woolworths Sunflower Oil 4l,$23.60 ,$0.59 / 100ML,/shop/productdetails/808018/woolworths-sunflower-oil
5649,Green's Gravy Granules For Chicken 120g,$3.00 ,$0.25 / 10G,/shop/productdetails/5649/green-s-gravy-granules-for-chicken
798249,Guzzi's Linguine 375g,$5.65 ,$1.51 / 100G,/shop/productdetails/798249/guzzi-s-linguine
252201,Laucke Crusty White Bread Mix 2.4kg,$9.80 ,$4.08 / 1KG,/shop/productdetails/252201/laucke-crusty-white-bread-mix
89731,Macro Australian Raisins 1kg,$11.00 ,$11.00 / 1KG,/shop/productdetails/89731/macro-australian-raisins
65696,Pocky Strawberry Value Pack 8 Pack,,,/shop/productdetails/65696/pocky-strawberry-value-pack
829216,V-soy Milk-multi Grain 300ml,$1.65 ,$0.55 / 100ML,/shop/productdetails/829216/v-soy-milk-multi-grain
172715,Aeroplane Jelly Lite Pineapple Flavour Low Calorie Jelly Crystals 2x9g,$2.00 ,$11.11 / 100G,/shop/productdetails/172715/aeroplane-jelly-lite-pineapple-flavour-low-calorie-jelly-crystals
39152,Angas Park Prunes Large 1kg,$9.00 ,$9.00 / 1KG,/shop/productdetails/39152/angas-park-prunes-large
262729,Heart Salt Chicken Salt 130g,$3.00 ,$0.23 / 10G,/shop/productdetails/262729/heart-salt-chicken-salt
269953,Indomie Mie Goreng Bbq Chicken 5 Pack,$3.95 ,$0.93 / 100G,/shop/productdetails/269953/indomie-mie-goreng-bbq-chicken
687787,Moccona Barista Reserve Coffee Capsules Long Black 8 10 Pack,$5.00 ,$0.50 / 1EA,/shop/productdetails/687787/moccona-barista-reserve-coffee-capsules-long-black-8
609552,Chang's Oyster Sauce 280ml,$3.50 ,$1.25 / 100ML,/shop/productdetails/609552/chang-s-oyster-sauce
86852,Hart & Soul All Natural Supergrain Teriyaki Chicken 250g,$4.50 ,$1.80 / 100G,/shop/productdetails/86852/hart-soul-all-natural-supergrain-teriyaki-chicken
195294,Spring Gully Pickles Green Tomato 415g,$3.85 ,$9.28 / 1KG,/shop/productdetails/195294/spring-gully-pickles-green-tomato
244307,Ben's Original Lightly Flavoured Chilli Rice 250g,$3.00 ,$1.20 / 100G,/shop/productdetails/244307/ben-s-original-lightly-flavoured-chilli-rice
198648,Pasta Roma Gluten Free Penne 350g,$4.50 ,$1.29 / 100G,/shop/productdetails/198648/pasta-roma-gluten-free-penne
141525,White Wings Cookies & Cream Mix 250g,$3.60 ,$1.44 / 100G,/shop/productdetails/141525/white-wings-cookies-cream-mix
789329,Ayam Paste Thai Chilli Jam 185g,$4.00 ,$2.16 / 100G,/shop/productdetails/789329/ayam-paste-thai-chilli-jam
371061,Cobram Estate Extra Virgin Rich & Robust Olive Oil 750ml,$18.00 ,$2.40 / 100ML,/shop/productdetails/371061/cobram-estate-extra-virgin-rich-robust-olive-oil
766541,Kellogg's Sultana Bran Buds Fibre Breakfast Cereal 450g,$7.50 ,$1.67 / 100G,/shop/productdetails/766541/kelloggs-sultana-bran-buds-fibre-breakfast-cereal
680573,Woolworths Coconut Oil Spray 225g,$4.50 ,$2.00 / 100G,/shop/productdetails/680573/woolworths-coconut-oil-spray
182813,Woolworths Peppercorn Sauce 200g,$3.00 ,$1.50 / 100G,/shop/productdetails/182813/woolworths-peppercorn-sauce
373985,Lee Kum Kee Ready Sauce Kung Pao Chicken 145g,$2.40 ,$1.66 / 100G,/shop/productdetails/373985/lee-kum-kee-ready-sauce-kung-pao-chicken
855610,Natvia Raspberry Fruit Spread 240g,$5.00 ,$2.08 / 100G,/shop/productdetails/855610/natvia-raspberry-fruit-spread
828149,Beerenberg Blood Orange Marmalade 300g,$4.50 ,$1.50 / 100G,/shop/productdetails/828149/beerenberg-blood-orange-marmalade
290761,Edgell Snack Time Chickpeas With Fiery Moroccan Spices 70g,$1.60 ,$2.29 / 100G,/shop/productdetails/290761/edgell-snack-time-chickpeas-with-fiery-moroccan-spices
445813,Just Foods Crushed Garlic Organic 185g,$2.99 ,$1.62 / 100G,/shop/productdetails/445813/just-foods-crushed-garlic-organic
19614,S&b Japanese Hot Curry Sauce With Vegetables 210g,$3.00 ,$1.43 / 100G,/shop/productdetails/19614/s-b-japanese-hot-curry-sauce-with-vegetables
8449,Dole Pineapple Chunks In Juice 822g,$5.25 ,$6.39 / 1KG,/shop/productdetails/8449/dole-pineapple-chunks-in-juice
8229,Harvest Beef Braised Steak & Onion 425g,$5.00 ,$11.76 / 1KG,/shop/productdetails/8229/harvest-beef-braised-steak-onion
232562,Hellmann's Garlic Aioli Sqeeze Bottle 252g,$5.50 ,$2.18 / 100G,/shop/productdetails/232562/hellmann-s-garlic-aioli-sqeeze-bottle
360257,Pic's Peanut Butter Crunchy 380g,$5.00 ,$1.32 / 100G,/shop/productdetails/360257/pic-s-peanut-butter-crunchy
288167,Barkers Raspberry & Redcurrant Jam 455g,$6.30 ,$1.38 / 100G,/shop/productdetails/288167/barker-s-raspberry-redcurrant-jam
271225,Hart & Soul Hearty Pumpkin & Lentil Soup 400g,$3.80 ,$0.95 / 100G,/shop/productdetails/271225/hart-soul-hearty-pumpkin-lentil-soup
94484,Masterfoods Oregano Leaves 18g,$5.50 ,$3.06 / 10G,/shop/productdetails/94484/masterfoods-oregano-leaves
309640,Starbucks By Nespresso Smooth Caramel Coffee Capsules 10 Pack,$7.90 ,$0.79 / 1EA,/shop/productdetails/309640/starbucks-by-nespresso-smooth-caramel-coffee-capsules
32216,Vittoria Mountain Grown Ground Coffee 500g,$24.00 ,$4.80 / 100G,/shop/productdetails/32216/vittoria-mountain-grown-ground-coffee
682514,Ottogi Korean Bbq Bulgogi 240g,$3.90 ,$1.63 / 100G,/shop/productdetails/682514/ottogi-korean-bbq-bulgogi
299515,Rose's Lime Marmalade 375g,$4.30 ,$1.15 / 100G,/shop/productdetails/299515/rose-s-lime-marmalade
2633,Crisco Canola Oil 2l,$9.00 ,$0.45 / 100ML,/shop/productdetails/2633/crisco-canola-oil
608475,Il Molino Chiavazza Farino Flour 1kg,$3.50 ,$3.50 / 1KG,/shop/productdetails/608475/il-molino-chiavazza-farino-flour
205729,Arnold's Farm Porridge Sachets Berry Blend 8 Pack,$4.50 ,$1.22 / 100G,/shop/productdetails/205729/arnold-s-farm-porridge-sachets-berry-blend
94147,Lavazza Espresso Barista Gran Crema Coffee Beans 1kg,$24.00 ,$2.40 / 100G,/shop/productdetails/94147/lavazza-espresso-barista-gran-crema-coffee-beans
897407,Mckenzie's Chickpea Flour 330g,$4.00 ,$1.21 / 100G,/shop/productdetails/897407/mckenzie-s-chickpea-flour
194425,Al Wadi Tahina 454g,$5.40 ,$1.19 / 100G,/shop/productdetails/194425/al-wadi-tahina
302231,Beerenberg Coopers Ale Sauce Each,$6.50 ,$2.17 / 100ML,/shop/productdetails/302231/beerenberg-coopers-ale-sauce
498474,Fix And Fogg Peanut Butter Smooth 375g,$6.90 ,$1.84 / 100G,/shop/productdetails/498474/fix-and-fogg-peanut-butter-smooth
271224,Hart & Soul Creamy Butter Chicken Soup 400g,$3.80 ,$0.95 / 100G,/shop/productdetails/271224/hart-soul-creamy-butter-chicken-soup
238084,Lee Kum Kee Honey Soy Stir Fry Sauce 268g,$3.10 ,$1.16 / 100G,/shop/productdetails/238084/lee-kum-kee-honey-soy-stir-fry-sauce
766607,Red Kellys Dressings Sweet Chilli & Lime 250ml,$4.80 ,$1.92 / 100ML,/shop/productdetails/766607/red-kellys-dressings-sweet-chilli-lime
74404,Spring Gully Gherkins Sweet Spiced 550g,$3.90 ,$7.09 / 1KG,/shop/productdetails/74404/spring-gully-gherkins-sweet-spiced
212640,Woolworths Peri Peri Panko Crumb 200g,$2.30 ,$0.12 / 10G,/shop/productdetails/212640/woolworths-peri-peri-panko-crumb
135496,Farmers Harvest Vegetable Oil 4l,$36.00 ,$0.90 / 100ML,/shop/productdetails/135496/farmers-harvest-vegetable-oil
55377,Hoyts Ginger Ground 50g,$4.40 ,$0.88 / 10G,/shop/productdetails/55377/hoyts-ginger-ground
690359,Macro Organic Fairtrade Ground Coffee Dark 200g,$6.60 ,$3.30 / 100G,/shop/productdetails/690359/macro-organic-fairtrade-ground-coffee-dark
858634,Woolworths Great Start Reduced Sugar Multigrain Cereal 400g,$3.50 ,$0.88 / 100G,/shop/productdetails/858634/woolworths-great-start-reduced-sugar-multigrain-cereal
792988,Higher Living Chai Green Each,$4.40 ,$0.22 / 1EA,/shop/productdetails/792988/higher-living-chai-green
171282,Mingle Better Tangy Bbq Sauce Pouch 250g,$5.35 ,$2.14 / 100G,/shop/productdetails/171282/mingle-better-tangy-bbq-sauce-pouch
237398,Bonne Maman Strawberry Spread 335g,$6.95 ,$2.07 / 100G,/shop/productdetails/237398/bonne-maman-strawberry-spread
224793,Fodmapped Chicken Lemon & Thyme Risotto 500g,$7.50 ,$1.50 / 100G,/shop/productdetails/224793/fodmapped-chicken-lemon-thyme-risotto
148972,Inside Out Barista Almond Uht Milk 1l,$4.00 ,$4.00 / 1L,/shop/productdetails/148972/inside-out-barista-almond-uht-milk
214477,Keen's Meal Base Creamy Honey Mustard Chicken 285g,$3.00 ,$1.05 / 100G,/shop/productdetails/214477/keens-meal-base-creamy-honey-mustard-chicken
240756,Barilla Pesto Basil With Chilli 190g,$4.50 ,$2.37 / 100G,/shop/productdetails/240756/barilla-pesto-basil-with-chilli
227465,Higher Living Organic Sweet Chai Tea Bags 15 Pack,$4.40 ,$0.29 / 1EA,/shop/productdetails/227465/higher-living-organic-sweet-chai-tea-bags
277756,La Zuppa One-pot-dish Thai Red Curry With Chickpea & Pumpkin 300g,$5.40 ,$1.80 / 100G,/shop/productdetails/277756/la-zuppa-one-pot-dish-thai-red-curry-with-chickpea-pumpkin
143380,Laucke Sprouted Whole Wheat Flour Blend 1kg,$4.00 ,$4.00 / 1KG,/shop/productdetails/143380/laucke-sprouted-whole-wheat-flour-blend
193650,Macro Organic Spicy Tomato Relish 250g,$5.00 ,$2.00 / 100G,/shop/productdetails/193650/macro-organic-spicy-tomato-relish
73954,Mckenzie's Beans Red Kidney 375g,$2.30 ,$0.61 / 100G,/shop/productdetails/73954/mckenzie-s-beans-red-kidney
226207,Mood Tea Sweet Lullaby Rooibos Liquorice & Vanilla 10 Pack,$5.50 ,$0.55 / 1EA,/shop/productdetails/226207/mood-tea-sweet-lullaby-rooibos-liquorice-vanilla
67154,Nissin Ramen Hokkaido Miso 5 Pack,$7.80 ,$1.47 / 100G,/shop/productdetails/67154/nissin-ramen-hokkaido-miso
732537,Beerenberg Relish Balsamic Beetroot 280g,$5.50 ,$1.96 / 100G,/shop/productdetails/732537/beerenberg-relish-balsamic-beetroot
491614,Dollar Sweets 100s & 1000s Jar 155g,$3.50 ,$2.26 / 100G,/shop/productdetails/491614/dollar-sweets-100s-1000s-jar
34147,Golden Circle Baby Beetroot 850g,$4.00 ,$4.71 / 1KG,/shop/productdetails/34147/golden-circle-baby-beetroot-baby-whole
74801,La Molisana Pastifico Extra Di Lusso Egg Lasagne 250g,$3.50 ,$1.40 / 100G,/shop/productdetails/74801/la-molisana-pastifico-extra-di-lusso-egg-lasagne
159371,Moccona Plant Based Coffee Sachets Almond Caramel Latte 8 Pack,$3.50 ,$0.44 / 1EA,/shop/productdetails/159371/moccona-plant-based-coffee-sachets-almond-caramel-latte
226438,Twinings Live Well Calm Tea Bags 18 Pack,$4.25 ,$0.24 / 1EA,/shop/productdetails/226438/twinings-live-well-calm-tea-bags
205662,Angas Park Mediterranean Apricot Soft & Juicy 225g,$8.00 ,$35.56 / 1KG,/shop/productdetails/205662/angas-park-mediterranean-apricot-soft-juicy
206851,Arnold's Farm Porridge Sachets Smooth Vanilla 8 Pack,$4.50 ,$1.22 / 100G,/shop/productdetails/206851/arnold-s-farm-porridge-sachets-smooth-vanilla
788574,Beerenberg Mango Chutney 280g,$5.50 ,$1.96 / 100G,/shop/productdetails/788574/beerenberg-mango-chutney
784116,Goulburn Valley Peaches In Mango Nectar 700g,$4.60 ,$6.57 / 1KG,/shop/productdetails/784116/goulburn-valley-peaches-in-mango-nectar-sliced-in-mango-nectar
661633,Green's Vanilla Mud Cake Mix 600g,$5.00 ,$0.83 / 100G,/shop/productdetails/661633/green-s-vanilla-mud-cake-mix
175458,Moccona Double Shot Latte Coffee Sachets 10 Pack,$3.50 ,$0.35 / 1EA,/shop/productdetails/175458/moccona-double-shot-latte-coffee-sachets
690367,Woolworths Whole Kalamata Olives 350g,$2.80 ,$8.00 / 1KG,/shop/productdetails/690367/woolworths-whole-kalamata-olives
308611,Ayam Coconut Milk Powder 150g,$4.00 ,$2.67 / 100G,/shop/productdetails/308611/ayam-coconut-milk-powder
237369,Baishanzu Shiitake Shallot Sauce 210g,$4.50 ,$2.14 / 100G,/shop/productdetails/237369/baishanzu-shiitake-shallot-sauce
370947,Byron Bay Chilli Co. Chilli Sauce Green Jalapeno 250ml,$5.00 ,$2.00 / 100ML,/shop/productdetails/370947/byron-bay-chilli-co-chilli-sauce-green-jalapeno
231600,Maggi Air Fryer Crispy Japanese Style Seasoning 45g,$1.80 ,$0.40 / 10G,/shop/productdetails/231600/maggi-air-fryer-crispy-japanese-style-seasoning
32820,Masterfoods Mild English Mustard 175g,$4.00 ,$2.29 / 100G,/shop/productdetails/32820/masterfoods-mild-english-mustard
184938,Arnold's Farm Toasted Muesli Fruit & Nut 700g,$5.00 ,$0.71 / 100G,/shop/productdetails/184938/arnold-s-farm-toasted-muesli-fruit-nut
27189,Beerenberg Bbq Sauce 300ml,$5.50 ,$1.83 / 100ML,/shop/productdetails/27189/beerenberg-bbq-sauce
506995,Bega Peanut Butter Super Crunchy 470g,$6.40 ,$1.36 / 100G,/shop/productdetails/506995/bega-peanut-butter-super-crunchy
757042,Bushells Turkish Coffee 250g,$7.40 ,$2.96 / 100G,/shop/productdetails/757042/bushells-turkish-coffee
201451,El Cielo White Corn Tortillas 10 Pack,$8.00 ,$3.08 / 100G,/shop/productdetails/201451/el-cielo-white-corn-tortillas
224469,Freedom Classic Maple Crunch Cereal 360g,$6.80 ,$1.89 / 100G,/shop/productdetails/224469/freedom-classic-maple-crunch-cereal
277597,La Zuppa One-pot-dish Sweet Potato Dahl With Coconut & Turmeric 300g,$5.40 ,$1.80 / 100G,/shop/productdetails/277597/la-zuppa-one-pot-dish-sweet-potato-dahl-with-coconut-turmeric
262660,Lighthouse Biscuit Pastry & Cake Plain Flour 1kg,$3.85 ,$3.85 / 1KG,/shop/productdetails/262660/lighthouse-biscuit-pastry-cake-plain-flour
115760,Noshu 98% Sugar Free Buttermilk Pancake Mix 240g,$6.40 ,$2.67 / 100G,/shop/productdetails/115760/noshu-98-sugar-free-buttermilk-pancake-mix
72511,Always Fresh Olives Black Sliced 235g,$3.40 ,$14.47 / 1KG,/shop/productdetails/72511/always-fresh-olives-black-sliced
788565,Beerenberg Relish Burger 260g,$5.50 ,$2.12 / 100G,/shop/productdetails/788565/beerenberg-relish-burger
84244,Devondale Skim Long Life Milk 6x200ml,$6.00 ,$5.00 / 1L,/shop/productdetails/84244/devondale-skim-long-life-milk
175513,Moccona Coffee Sachets Skim Cappuccino 10 Pack,$3.50 ,$0.35 / 1EA,/shop/productdetails/175513/moccona-coffee-sachets-skim-cappuccino
96906,Noya Cashew Nut Butter 250g,$9.00 ,$3.60 / 100G,/shop/productdetails/96906/noya-cashew-nut-butter
450544,Ainsley Harriot Cous Cous Tomato & Garlic 100g,$2.60 ,$2.60 / 100G,/shop/productdetails/450544/ainsley-harriot-cous-cous-tomato-garlic
147354,Jordans Crispy Oat Clusters Wild About Berries 500g,$4.25 ,$0.85 / 100G,/shop/productdetails/147354/jordans-crispy-oat-clusters-wild-about-berries
118156,Saxa Whole Blended Peppercorns Pepper 190g,$7.00 ,$0.37 / 10G,/shop/productdetails/118156/saxa-whole-blended-peppercorns-pepper
105926,Aeroplane Jelly Lite Port Wine Flavour Low Calorie Jelly Crystals 2x9g,$2.00 ,$11.11 / 100G,/shop/productdetails/105926/aeroplane-jelly-lite-port-wine-flavour-low-calorie-jelly-crystals
68823,Dollar Sweets Piping Bag Kit Each,$3.50 ,$3.50 / 1EA,/shop/productdetails/68823/dollar-sweets-piping-bag-kit
280986,Frisp Baby Corn Pieces 200g,$1.30 ,$0.65 / 100G,/shop/productdetails/280986/frisp-baby-corn-pieces
235114,Masterfoods Cafe Style Everything Eggs Spice Blend 30g,$3.50 ,$1.17 / 10G,/shop/productdetails/235114/masterfoods-cafe-style-everything-eggs-spice-blend
123888,Mr Chen's Japanese Ramen Kit 604g,$8.50 ,$1.41 / 100G,/shop/productdetails/123888/mr-chen-s-japanese-ramen-kit
180492,The Grove Gourmet Avocado Cold Pressed Oil 250ml,$12.00 ,$4.80 / 100ML,/shop/productdetails/180492/the-grove-gourmet-avocado-cold-pressed-oil
534878,Woolworths Whole Green Olives 450g,$2.20 ,$0.49 / 100G,/shop/productdetails/534878/woolworths-whole-green-olives
769172,Bonne Maman Caramel Spread 380g,$5.50 ,$1.45 / 100G,/shop/productdetails/769172/bonne-maman-caramel-spread
85049,Green's Temptations Choc Chip Buttermilk Pancake Shake 335g,$5.00 ,$1.49 / 100G,/shop/productdetails/85049/green-s-temptations-choc-chip-buttermilk-pancake-shake
448580,Maggi Dry Recipe Bases Lamb Ragout Recipe Base 37g,$1.75 ,$4.73 / 100G,/shop/productdetails/448580/maggi-dry-recipe-bases-lamb-ragout-recipe-base
222954,Nescafe White Choc Mocha Inspired By Milkybar Sachets 8 Pack,$7.60 ,$0.95 / 1EA,/shop/productdetails/222954/nescafe-white-choc-mocha-inspired-by-milkybar-sachets
805313,Noshu 99% Sugar Free Fudgy Brownies Mix 300g,$7.50 ,$2.50 / 100G,/shop/productdetails/805313/noshu-99-sugar-free-fudgy-brownies-mix
72424,Always Fresh Olives Anchovy Stuffed 235g,$3.60 ,$15.32 / 1KG,/shop/productdetails/72424/always-fresh-olives-anchovy-stuffed
857199,Lao Gan Ma Chilli Paste Crispy Peanut 210g,$4.40 ,$2.10 / 100G,/shop/productdetails/857199/lao-gan-ma-chilli-paste-crispy-peanut
232534,Maggi Air Fryer Herbed French Style Roast Seasoning 25g,$1.80 ,$0.72 / 10G,/shop/productdetails/232534/maggi-air-fryer-herbed-french-style-roast-seasoning
122269,Mr Chen's Satay Chicken Noodles Kit 382g,$8.50 ,$2.23 / 100G,/shop/productdetails/122269/mr-chen-s-satay-chicken-noodles-kit
147697,Nestle Coffee Mate Coffee Flavouring Hazelnut 10 Pack,$5.30 ,$0.53 / 1EA,/shop/productdetails/147697/nestle-coffee-mate-coffee-flavouring-hazelnut
263290,Chang's Gluten Free Noodles 100g,$2.35 ,$2.35 / 100G,/shop/productdetails/263290/chang-s-gluten-free-noodles
761079,Macro Organic Whole Egg Mayonnaise 440g,$6.50 ,$1.48 / 100G,/shop/productdetails/761079/macro-organic-whole-egg-mayonnaise
323397,Masterfoods Side Dish Creamy Cheesy Potato Bake 175g,$2.80 ,$1.60 / 100G,/shop/productdetails/323397/masterfoods-side-dish-creamy-cheesy-potato-bake
723948,Nestle Plaistowe Cocoa Premium 180g,$6.00 ,$3.33 / 100G,/shop/productdetails/723948/nestle-plaistowe-cocoa-premium
151067,Nestle Skim Sweetened Condensed Milk 410g,$3.80 ,$0.93 / 100G,/shop/productdetails/151067/nestle-skim-sweetened-condensed-milk
143615,Pana Organic 100% Cacao Powder 200g,$8.00 ,$4.00 / 100G,/shop/productdetails/143615/pana-organic-100-cacao-powder
702389,Pandaroo Drinks Coconut Water 310ml,$1.70 ,$5.48 / 1L,/shop/productdetails/702389/pandaroo-drinks-coconut-water
36557,Masterfoods Squeezy Mild American Mustard 250g,$4.00 ,$1.60 / 100G,/shop/productdetails/36557/masterfoods-squeezy-mild-american-mustard
176950,Moccona Caramel Latte Coffee Sachets 30 Pack,$12.00 ,$0.40 / 1EA,/shop/productdetails/176950/moccona-caramel-latte-coffee-sachets
172426,Three Threes Australian Pickles Dill Flavoured 370g,$4.50 ,$1.22 / 100G,/shop/productdetails/172426/three-threes-australian-pickles-dill-flavoured
307786,Betty Crocker Frosted Chocolate Brownie Mix Frosted Chocolate 500g,$6.00 ,$1.20 / 100G,/shop/productdetails/307786/betty-crocker-frosted-chocolate-brownie-mix-frosted-chocolate
270900,Carman's Porridge Sachets Blueberry Crumble 6 Pack,$5.00 ,$2.08 / 100G,/shop/productdetails/270900/carman-s-porridge-sachets-blueberry-crumble
94146,Lavazza Espresso Barista Intenso Coffee Beans 1kg,$24.00 ,$2.40 / 100G,/shop/productdetails/94146/lavazza-espresso-barista-intenso-coffee-beans
176993,Lipton Iced Tea Passionfruit Sachets 20 Pack,$6.50 ,$0.33 / 1EA,/shop/productdetails/176993/lipton-iced-tea-passionfruit-sachets
246611,Woolworths Cooking Chocolate Milk 200g,,,/shop/productdetails/246611/woolworths-cooking-chocolate-milk
1074051025,Grill Society BBQ Rub Chicago Steak 280g,$18.00 ,$0.64 / 10G,/shop/productdetails/1074051025/grill-society-bbq-rub-chicago-steak-280g
150504,Hubbards Raspberry & Coconut Toasted Granola 450g,$7.50 ,$1.67 / 100G,/shop/productdetails/150504/hubbards-raspberry-coconut-toasted-granola
1073908256,Warheads Sour Jelly Bean Theater Box 113g (4 oz) 2PK,$17.00 ,$8.50 / 1EA,/shop/productdetails/1073908256/warheads-sour-jelly-bean-theater-box-113g-4-oz-2pk
58553,Mccormick Organic Garlic Powder 17g,$2.25 ,$1.32 / 10G,/shop/productdetails/58553/mccormick-organic-garlic-powder
782242,Mckenzie's Coconut Shredded Loose 215g,$3.60 ,$16.74 / 1KG,/shop/productdetails/782242/mckenzie-s-coconut-shredded-loose
227407,"Mood Tea Happy Days Hibiscus, Apple & Ginger 10 Pack",$5.50 ,$0.55 / 1EA,/shop/productdetails/227407/mood-tea-happy-days-hibiscus-apple-ginger
227127,Nestle Plaistowe 70% Cocoa Baking Chocolate Block 180g,$3.50 ,$1.94 / 100G,/shop/productdetails/227127/nestle-plaistowe-70-cocoa-baking-chocolate-block
230075,Buderim Crystallised Ginger 200g,$6.00 ,$3.00 / 100G,/shop/productdetails/230075/buderim-ginger-crystallised-ginger
64167,Carman's Oat Clusters Vanilla Cinnamon 750g,$7.00 ,$0.93 / 100G,/shop/productdetails/64167/carman-s-oat-clusters-vanilla-cinnamon
198687,Chi Forest Sparkling Water White Peach 330ml X 6 Pack,$11.00 ,$0.56 / 100ML,/shop/productdetails/198687/chi-forest-sparkling-water-white-peach
30309,Fowlers Baking Aids Vacola Jamsetta 50g,$3.00 ,$6.00 / 100G,/shop/productdetails/30309/fowlers-baking-aids-vacola-jamsetta
32510,Masterfoods Ground Cayenne Pepper 30g,$4.20 ,$1.40 / 10G,/shop/productdetails/32510/masterfoods-ground-cayenne-pepper
232557,Spc Peaches Sliced In Syrup Reduced Sugar Canned Fruit 400g,$3.00 ,$7.50 / 1KG,/shop/productdetails/232557/spc-peaches-sliced-in-syrup-reduced-sugar-canned-fruit
222908,Vittoria Coffee Decaffinated Coffee Bags 20 Pack,$13.50 ,$0.68 / 1EA,/shop/productdetails/222908/vittoria-coffee-decaffinated-coffee-bags
748501,Bega Peanut Butter No Added Sugar Or Salt Smooth 325g,$4.40 ,$1.35 / 100G,/shop/productdetails/748501/bega-peanut-butter-no-added-sugar-or-salt-smooth
289349,Birch & Waite Honey Mustard Dressing Sauce 250ml,$6.00 ,$2.40 / 100ML,/shop/productdetails/289349/birch-waite-honey-mustard-dressing-sauce
237565,Buddee Chocolate Spread 270g,$6.50 ,$2.41 / 100G,/shop/productdetails/237565/buddee-chocolate-spread
862882,Obap Kimchi Paste 180g,$4.75 ,$2.64 / 100G,/shop/productdetails/862882/obap-kimchi-paste
465079,Always Fresh Kalamata Olives Sliced 220g,$6.00 ,$27.27 / 1KG,/shop/productdetails/465079/always-fresh-kalamata-olives-sliced
753948,Katoomba Ingredients Yellow Split Peas 1kg,$2.50 ,$0.25 / 100G,/shop/productdetails/753948/katoomba-ingredients-yellow-split-peas
235503,Masterfoods Perfect For Fish Spice Blend 20g,$2.50 ,$1.25 / 10G,/shop/productdetails/235503/masterfoods-perfect-for-fish-spice-blend
32374,Rosella Green Cocktail Onions 150g,$2.50 ,$16.67 / 1KG,/shop/productdetails/32374/rosella-green-cocktail-onions
364436,Shimaya Bonito Soup Stock 50g,$3.25 ,$0.65 / 10G,/shop/productdetails/364436/shimaya-bonito-soup-stock
680970,Betty Crocker Chocolate Fudge Gluten Free Frosting 400g,$5.50 ,$1.38 / 100G,/shop/productdetails/680970/betty-crocker-chocolate-fudge-gluten-free-frosting
321862,Lowan Quick Whole Grain Oats 1kg,$3.90 ,$0.39 / 100G,/shop/productdetails/321862/lowan-quick-whole-grain-oats
72692,Woolworths Plantitude Pad Thai Tofu With Noodles 350g,$5.00 ,$1.43 / 100G,/shop/productdetails/72692/woolworths-plantitude-pad-thai-tofu-with-noodles
867025,Carman's 5 Grain & Seed Granola Almond Vanilla & Cinnamon 450g,$7.50 ,$1.67 / 100G,/shop/productdetails/867025/carman-s-5-grain-seed-granola-almond-vanilla-cinnamon
784246,Goulburn Valley Mango In Juice 685g,$6.30 ,$9.20 / 1KG,/shop/productdetails/784246/goulburn-valley-mango-in-juice
798453,Maharajah's Choice Cinnamon Quills 100g,$2.55 ,$2.55 / 100G,/shop/productdetails/798453/maharajah-s-choice-cinnamon-quills
237367,No Nasties Choc Hazelnut Spread 50% Less Sugar 350g,$6.20 ,$1.77 / 100G,/shop/productdetails/237367/no-nasties-choc-hazelnut-spread-50-less-sugar
300202,Rose's Sweet Orange Marmalade 375g,$4.30 ,$1.15 / 100G,/shop/productdetails/300202/rose-s-sweet-orange-marmalade
647382,Woolworths Canned Ham 340g,$3.70 ,$10.88 / 1KG,/shop/productdetails/647382/woolworths-canned-ham
202490,Kellogg's Sultana Bran Oat Cluster Breakfast Cereal 480g,$7.50 ,$1.56 / 100G,/shop/productdetails/202490/kelloggs-sultana-bran-oat-cluster-breakfast-cereal
549626,Nescafe Coffee Sachets Skim Cappuccino 26 Pack,$11.00 ,$0.42 / 1EA,/shop/productdetails/549626/nescafe-coffee-sachets-skim-cappuccino-skim-cappucino
805108,Hart & Soul Supergrain Butter Chicken 250g,$4.50 ,$1.80 / 100G,/shop/productdetails/805108/hart-soul-supergrain-butter-chicken
733692,Masterfoods Thai Green Curry Recipe Base 175g,$2.80 ,$1.60 / 100G,/shop/productdetails/733692/masterfoods-thai-green-curry-recipe-base
572973,Woolworths Chicken Bolognese With Spaghetti 305g,$4.00 ,$1.31 / 100G,/shop/productdetails/572973/woolworths-chicken-bolognese-with-spaghetti
310375,Aeroplane Natural Colours & Flavours Raspberry Flavoured Jelly 85g,$1.40 ,$1.65 / 100G,/shop/productdetails/310375/aeroplane-natural-colours-flavours-raspberry-flavoured-jelly
250371,Beechworth 100% Pure Australian Honey Tub 1.5kg,$22.00 ,$1.47 / 100G,/shop/productdetails/250371/beechworth-100-pure-australian-honey-tub
14039,Capilano 100% Pure Australian Creamed Honey Tub 500g,$8.80 ,$1.76 / 100G,/shop/productdetails/14039/capilano-100-pure-australian-creamed-honey-tub
701689,Kellogg's All-bran Flakes Honey Almond Cereal 420g,$8.00 ,$1.90 / 100G,/shop/productdetails/701689/kelloggs-all-bran-flakes-honey-almond-cereal
65404,Lee Kum Kee Panda Brand Sauce Oyster 255g,$3.65 ,$1.43 / 100G,/shop/productdetails/65404/lee-kum-kee-panda-brand-sauce-oyster
236531,Our Mate Yeast Extract 125g,$4.90 ,$3.92 / 100G,/shop/productdetails/236531/our-mate-yeast-extract
14606,Spring Gully Gherkins Round 550g,$3.90 ,$7.09 / 1KG,/shop/productdetails/14606/spring-gully-gherkins-round
229894,Angas Park Soft N' Juicy Figs 250g,$5.00 ,$20.00 / 1KG,/shop/productdetails/229894/angas-park-soft-n-juicy-figs-soft-n-juicy
217602,Continental Seasoning Sensations Recipe Base Italian Lamb Shanks 44g,$2.75 ,$6.25 / 100G,/shop/productdetails/217602/continental-seasoning-sensations-recipe-base-italian-lamb-shanks
85468,Dorset Berry Granola 450g,$4.25 ,$0.94 / 100G,/shop/productdetails/85468/dorset-berry-granola
91100,Harris Coffee Beans Very Strong 1kg,$26.00 ,$2.60 / 100G,/shop/productdetails/91100/harris-coffee-beans-very-strong
629111,Ichiban Noodle Bowl Roast Pork 150g,$5.50 ,$3.67 / 100G,/shop/productdetails/629111/ichiban-noodle-bowl-roast-pork
169838,Old El Paso Tortilla Pockets Kit Sweet & Smoky Bbq 380g,$9.50 ,$2.50 / 100G,/shop/productdetails/169838/old-el-paso-tortilla-pockets-kit-sweet-smoky-bbq
362258,Bisto Beef Gravy Granules 170g,$8.50 ,$5.00 / 100G,/shop/productdetails/362258/bisto-beef-gravy-granules-original-beef-gravy
741134,Dr Pepper Cola Drinks 330ml,$3.10 ,$9.39 / 1L,/shop/productdetails/741134/dr-pepper-cola-drinks
11709,Woolworths Fruit Free Toasted Muesli 750g,$3.50 ,$0.47 / 100G,/shop/productdetails/11709/woolworths-fruit-free-toasted-muesli
937338,Zanae Giant Beans In Tomato Sauce 280g,$3.00 ,$10.71 / 1KG,/shop/productdetails/937338/zanae-giant-beans-in-tomato-sauce
208291,Carman's Creamy Honey Aussie Oat Porridge Sachets 16 Pack,$9.00 ,$1.41 / 100G,/shop/productdetails/208291/carman-s-creamy-honey-aussie-oat-porridge-sachets
138224,La Molisana Pomodoro Extra Di Lusso Arrabbiata 340g,$3.25 ,$0.96 / 100G,/shop/productdetails/138224/la-molisana-pomodoro-extra-di-lusso-arrabbiata
554892,Lavazza A Modo Mio Passionale Coffee Capsules 16 Pack,$7.50 ,$0.47 / 1EA,/shop/productdetails/554892/lavazza-a-modo-mio-passionale-coffee-capsules
169785,Masterfoods Middle Eastern Spice Blend 20g,$2.50 ,$1.25 / 10G,/shop/productdetails/169785/masterfoods-middle-eastern-spice-blend
214182,Moccona Cadbury Hazelnut Mocha Sachets 8 Pack,$3.50 ,$0.44 / 1EA,/shop/productdetails/214182/moccona-cadbury-hazelnut-mocha-sachets
235103,Mr Chen's Premium Thai Coconut Milk Gluten Free 400ml,$2.00 ,$0.50 / 100ML,/shop/productdetails/235103/mr-chen-s-premium-thai-coconut-milk-gluten-free
238038,Nam Duong Soy Sauce 210ml,$2.60 ,$1.24 / 100ML,/shop/productdetails/238038/nam-duong-soy-sauce
10927,Nescafe Blend 43 Decaffeinated Instant Coffee 250g,$21.00 ,$8.40 / 100G,/shop/productdetails/10927/nescafe-blend-43-decaffeinated-instant-coffee
413707,Pg Tips Tea Bags 116g Each,$6.00 ,$5.17 / 100G,/shop/productdetails/413707/pg-tips-tea-bags-116g
84275,Plumrose Frankfurts Hot Dogs 560g,$6.50 ,$11.61 / 1KG,/shop/productdetails/84275/plumrose-frankfurts-hot-dogs
733687,Be Natural Breakfast Cereal With Cashew Almond Hazelnut & Coconut 415g,$4.80 ,$1.16 / 100G,/shop/productdetails/733687/be-natural-breakfast-cereal-with-cashew-almond-hazelnut-coconut
55936,Illy Espresso Forte Capsules 10 Pack,$6.00 ,$0.60 / 1EA,/shop/productdetails/55936/illy-espresso-forte-capsules
159160,Lavazza Coffee Beans Crema E Gusto Classico 1kg,$16.80 ,$1.68 / 100G,/shop/productdetails/159160/lavazza-coffee-beans-crema-e-gusto-classico
254602,Lavazza Ground Coffee Torino Qualita Oro Arabica 1kg,$22.80 ,$2.28 / 100G,/shop/productdetails/254602/lavazza-ground-coffee-torino-qualita-oro-arabica
74006,Lavazza Qualita Oro Coffee Beans 1kg,$22.80 ,$2.28 / 100G,/shop/productdetails/74006/lavazza-qualita-oro-coffee-beans
819969,Maggi Fusian Mi Goreng Hot & Spicy Flavour Instant Noodles 12 Pack,$10.00 ,$1.14 / 100G,/shop/productdetails/819969/maggi-fusian-mi-goreng-hot-spicy-flavour-instant-noodles
347332,Simply Wize Crusty Bread Mix Gluten Free 330g,$6.00 ,$1.82 / 100G,/shop/productdetails/347332/simply-wize-crusty-bread-mix-gluten-free
803478,Tokyo Ramen Noodle Chicken 4 Pack,$3.00 ,$2.50 / 100G,/shop/productdetails/803478/tokyo-ramen-noodle-chicken
319548,Woolworths Latte Coffee Sachets 10 Pack,$3.25 ,$0.33 / 1EA,/shop/productdetails/319548/woolworths-latte-coffee-sachets
208900,Carman's Protein Rich Almond & Hazelnut Granola 450g,$7.50 ,$1.67 / 100G,/shop/productdetails/208900/carman-s-protein-rich-almond-hazelnut-granola
354718,Dole Fruit Mix In Juice 432g,$2.24 ,$5.19 / 1KG,/shop/productdetails/354718/dole-fruit-mix-in-juice
467388,Fehlbergs Sweet & Sour Cucumbers 680g,$3.50 ,$5.15 / 1KG,/shop/productdetails/467388/fehlbergs-sweet-sour-cucumbers
701717,Kellogg's Crispix Honey Pillows Breakfast Cereal 460g,$9.00 ,$1.96 / 100G,/shop/productdetails/701717/kelloggs-crispix-honey-pillows-breakfast-cereal
150991,Leggo's Providore D'italia Tomato & Basil Paste Triple Concentrate 130g,$2.50 ,$1.92 / 100G,/shop/productdetails/150991/leggo-s-providore-d-italia-tomato-basil-paste-triple-concentrate
427885,Madura Green Leaf Tea Organic 150g,$7.10 ,$4.73 / 100G,/shop/productdetails/427885/madura-green-leaf-tea-organic
217225,Red Island Cold Pressed Olive Oil Extra Virgin 500ml,$10.50 ,$2.10 / 100ML,/shop/productdetails/217225/red-island-cold-pressed-olive-oil-extra-virgin
79512,Woolworths Canned Yellow Jackfruit 425g,$1.45 ,$3.41 / 1KG,/shop/productdetails/79512/woolworths-canned-yellow-jackfruit
35390,Masterfoods Cloves Whole 20g,$4.80 ,$2.40 / 10G,/shop/productdetails/35390/masterfoods-cloves-whole
87830,Woolworths Sweet Chilli Mayonnaise 250ml,$2.50 ,$1.00 / 100ML,/shop/productdetails/87830/woolworths-sweet-chilli-mayonnaise
86913,Ayam Blackbean Sauce 210ml,$4.00 ,$1.90 / 100ML,/shop/productdetails/86913/ayam-blackbean-sauce
841896,Ocean Spray Craisins Value Bag 283g,$6.00 ,$21.20 / 1KG,/shop/productdetails/841896/ocean-spray-craisins-value-bag
182818,Woolworths Hot Chip Gravy 200g,$3.00 ,$1.50 / 100G,/shop/productdetails/182818/woolworths-hot-chip-gravy
97064,Capilano 100% Pure Australian Honey Low Gi Squeeze 250g,$4.80 ,$1.92 / 100G,/shop/productdetails/97064/capilano-100-pure-australian-honey-low-gi-squeeze
212364,Green's Protein Pancake Mix 325g,$5.00 ,$1.54 / 100G,/shop/productdetails/212364/green-s-protein-pancake-mix
433301,Maharajah's Choice Black Mustard Seed Spice 250g,$1.50 ,$0.06 / 10G,/shop/productdetails/433301/maharajah-s-choice-black-mustard-seed-spice
232559,Spc 2 Fruits Sliced In Syrup Reduced Sugar Canned Fruit 400g,$3.00 ,$7.50 / 1KG,/shop/productdetails/232559/spc-2-fruits-sliced-in-syrup-reduced-sugar-canned-fruit
270952,Bakers Tennis Biscuits 200g,$3.50 ,$1.75 / 100G,/shop/productdetails/270952/bakers-tennis-biscuits
433267,Maharajah's Choice Ground Coriander Spice 250g,$2.00 ,$0.08 / 10G,/shop/productdetails/433267/maharajah-s-choice-ground-coriander-spice
5678,Aeroplane Jelly Lite Orange Mango 2x9g,$2.00 ,$11.11 / 100G,/shop/productdetails/5678/aeroplane-jelly-lite-orange-mango
345655,Continental Cook-in-bag Recipe Base Honey Bbq Chicken 45g,$2.75 ,$6.11 / 100G,/shop/productdetails/345655/continental-cook-in-bag-recipe-base-honey-bbq-chicken
216926,Continental Seasoning Sensations Recipe Base Spanish Paella 44g,$2.75 ,$6.25 / 100G,/shop/productdetails/216926/continental-seasoning-sensations-recipe-base-spanish-paella
15616,Il Molino Pizza Flour 1kg,$3.50 ,$3.50 / 1KG,/shop/productdetails/15616/il-molino-pizza-flour
200133,Kellogg's Just Right Apricot & Sultana Breakfast Cereal 740g,$10.00 ,$1.35 / 100G,/shop/productdetails/200133/kelloggs-just-right-apricot-sultana-breakfast-cereal
648312,Kook A Krumb Panko Breadcrumbs 190g,$3.70 ,$1.95 / 100G,/shop/productdetails/648312/kook-a-krumb-panko-breadcrumbs
278232,La Zuppa One-pot-dish Chicken Korma With Vegetables 300g,$5.40 ,$1.80 / 100G,/shop/productdetails/278232/la-zuppa-one-pot-dish-chicken-korma-with-vegetables
166882,Macro Dried Apricots 500g,$7.50 ,$15.00 / 1KG,/shop/productdetails/166882/macro-dried-apricots
213120,25degrees South Victorian Three Cheese Ravioli Pasta 325g,$9.00 ,$2.77 / 100G,/shop/productdetails/213120/25degrees-south-victorian-three-cheese-ravioli-pasta
342669,Ainsley Harriot Cous Cous Moroccan Medley 100g,$2.60 ,$2.60 / 100G,/shop/productdetails/342669/ainsley-harriot-cous-cous-moroccan-medley
238202,Buddee Smooth Nut Free Spread 270g,$6.50 ,$2.41 / 100G,/shop/productdetails/238202/buddee-smooth-nut-free-spread
147534,Dollar Sweets Rose Gold Foil Patty Pans Large Assorted 100 Pack,$3.75 ,$0.04 / 1EA,/shop/productdetails/147534/dollar-sweets-rose-gold-foil-patty-pans-large-assorted
280855,Green's Gravy Granules Traditional 120g,$3.00 ,$2.50 / 100G,/shop/productdetails/280855/green-s-gravy-granules-traditional
1074032843,Skittles Variety Pack 60 x 15g Bags 900g Total,$32.99 ,$2.20 / 1EA,/shop/productdetails/1074032843/skittles-variety-pack-60-x-15g-bags-900g-total
7368,Westmont Pickles Pickles Sweet & Spicy 500g,$5.50 ,$1.10 / 100G,/shop/productdetails/7368/westmont-pickles-pickles-sweet-spicy
116060,Byron Chai Indian Spiced Tea 100g,$6.20 ,$6.20 / 100G,/shop/productdetails/116060/byron-chai-indian-spiced-tea
95549,Coco Earth Satay Chicken With Jasmine Rice 400g,$4.80 ,$1.20 / 100G,/shop/productdetails/95549/coco-earth-satay-chicken-with-jasmine-rice
136022,Farmers Harvest Canola Oil 4l,$36.00 ,$0.90 / 100ML,/shop/productdetails/136022/farmers-harvest-canola-oil
614359,Hamper Corned Beef Original Canned Meat 200g,$5.80 ,$29.00 / 1KG,/shop/productdetails/614359/hamper-corned-beef-original-canned-meat
803476,Hapi Dry Roasted Edamame 100g,$2.75 ,$2.75 / 100G,/shop/productdetails/803476/hapi-dry-roasted-edamame
211718,Moccona Cadbury Caramel Mocha Sachets 8 Pack,$3.50 ,$0.44 / 1EA,/shop/productdetails/211718/moccona-cadbury-caramel-mocha-sachets
60469,Sweet Baby Ray's Honey Bbq Sauce 425ml,$6.90 ,$1.62 / 100ML,/shop/productdetails/60469/sweet-baby-ray-s-honey-bbq-sauce
435090,Woolworths Nespresso Compatible Coffee Capsules Decaffeinated 10 Pack,$3.80 ,$0.38 / 1EA,/shop/productdetails/435090/woolworths-nespresso-compatible-coffee-capsules-decaffeinated
158979,Airborne Pure Honey Upside Down 500g,$8.50 ,$1.70 / 100G,/shop/productdetails/158979/airborne-pure-honey-upside-down
845897,Bega Simply Nuts Smooth 325g,$4.40 ,$1.35 / 100G,/shop/productdetails/845897/bega-simply-nuts-smooth
54372,Continental Recipe Base Rich Beef Mince 50g,$1.80 ,$3.60 / 100G,/shop/productdetails/54372/continental-recipe-base-rich-beef-mince-rich-beefy-mince
178431,Lakanto Monkfruit No Sugar Added Maple Flavoured Syrup 300ml,$9.00 ,$3.00 / 100ML,/shop/productdetails/178431/lakanto-monkfruit-no-sugar-added-maple-flavoured-syrup
323394,Masterfoods Lamb Casserole Slow Cook Recipe Base 175g,$2.80 ,$1.60 / 100G,/shop/productdetails/323394/masterfoods-lamb-casserole-slow-cook-recipe-base
28907,Noshu 95% Sugar Free White Choc Baking Chips 150g,$4.60 ,$3.07 / 100G,/shop/productdetails/28907/noshu-95-sugar-free-white-choc-baking-chips
46732,Oli & Vine Creamy Ranch 250ml,$5.00 ,$2.00 / 100ML,/shop/productdetails/46732/oli-vine-creamy-ranch
147839,Woolworths Plantitude Butter Chicken Tofu With Jasmine Rice 350g,$5.00 ,$1.43 / 100G,/shop/productdetails/147839/woolworths-plantitude-butter-chicken-tofu-with-jasmine-rice
622043,Baxter's Classic Tomato Chutney 225g,$4.70 ,$2.09 / 100G,/shop/productdetails/622043/baxter-s-classic-tomato-chutney
936138,Grinders Rainforest Alliance Certified Coffee Beans Espresso 1kg,$28.00 ,$2.80 / 100G,/shop/productdetails/936138/grinders-rainforest-alliance-certified-coffee-beans-espresso
91149,Harris Coffee Ground Strong 1kg,$26.00 ,$2.60 / 100G,/shop/productdetails/91149/harris-coffee-ground-strong
103001,Kellogg's Special K Lower Sugar Breakfast Cereal 420g,$7.80 ,$1.86 / 100G,/shop/productdetails/103001/kelloggs-special-k-lower-sugar-breakfast-cereal
604171,L'or Espresso Lungo Profondo Intensity 8 Coffee Capsules 10 Pack,$5.50 ,$0.55 / 1EA,/shop/productdetails/604171/l-or-espresso-lungo-profondo-intensity-8-coffee-capsules
113177,Macro Cacao Crunch Toppers 150g,$4.00 ,$2.67 / 100G,/shop/productdetails/113177/macro-cacao-crunch-toppers
189167,Bubbleme At Home Bubble Tea Kit Taro Flavour 280g,$5.75 ,$2.05 / 100G,/shop/productdetails/189167/bubbleme-at-home-bubble-tea-kit-taro-flavour
466088,Angas Park Medjool Dates 200g,$6.30 ,$31.50 / 1KG,/shop/productdetails/466088/angas-park-medjool-dates
239522,Caravan Foods Salad Topper Original Crouton 80g,$4.00 ,$5.00 / 100G,/shop/productdetails/239522/caravan-foods-salad-topper-original-crouton
498473,Fix And Fogg Peanut Butter Super Crunchy 375g,$6.90 ,$1.84 / 100G,/shop/productdetails/498473/fix-and-fogg-peanut-butter-super-crunchy
569368,Harvest Rice Bran Oil 3l,$15.50 ,$0.52 / 100ML,/shop/productdetails/569368/harvest-rice-bran-oil
535642,Heinz Seriously Good Mayonnaise Garlic Lovers Aioli Mayo 295ml,$5.50 ,$1.86 / 100ML,/shop/productdetails/535642/heinz-seriously-good-mayonnaise-garlic-lovers-aioli-mayo
324755,Lee Kum Kee Paste Coconut Curry Vegetables 110g,$2.40 ,$2.18 / 100G,/shop/productdetails/324755/lee-kum-kee-paste-coconut-curry-vegetables
188997,Macro Organic Desiccated Coconut 250g,$5.00 ,$20.00 / 1KG,/shop/productdetails/188997/macro-organic-desiccated-coconut
433266,Maharajah's Choice Chilli Powder Spice 250g,$1.80 ,$0.07 / 10G,/shop/productdetails/433266/maharajah-s-choice-chilli-powder-spice
141860,Well & Good Crusty Bread Mix 410g,$5.10 ,$1.24 / 100G,/shop/productdetails/141860/well-good-crusty-bread-mix
793245,Betty Crocker Chocolate Fudge Gluten Free Brownie Mix 450g,$7.00 ,$1.56 / 100G,/shop/productdetails/793245/betty-crocker-chocolate-fudge-gluten-free-brownie-mix
235611,Capilano Mgo 60+ Manuka Honey Active Manuka Mgo60+ Squeeze 340g,$13.50 ,$3.97 / 100G,/shop/productdetails/235611/capilano-mgo-60-manuka-honey-active-manuka-mgo60-squeeze
271781,Carman's Cholesterol Lowering Porridge Sachets Creamy Vanilla 5 Pack,$5.00 ,$2.50 / 100G,/shop/productdetails/271781/carman-s-cholesterol-lowering-porridge-sachets-creamy-vanilla
90979,L'or Espresso Onyx Intensity 12 Coffee Capsules 40 Pack,$22.00 ,$0.55 / 1EA,/shop/productdetails/90979/l-or-espresso-onyx-intensity-12-coffee-capsules
175462,Caffe Aurora Freeze Dried Coffee Italian Style 100g,$7.00 ,$7.00 / 100G,/shop/productdetails/175462/caff-aurora-freeze-dried-coffee-italian-style
680476,Capilano 100% Pure Australian Honey Pail 1kg,$15.00 ,$1.50 / 100G,/shop/productdetails/680476/capilano-100-pure-australian-honey-pail
146326,Carman's Classic Fruit & Nut Muesli 500g,$6.90 ,$1.38 / 100G,/shop/productdetails/146326/carman-s-classic-fruit-nut-muesli
251036,Mckenzie's Coconut Moist Flakes 225g,$3.60 ,$16.00 / 1KG,/shop/productdetails/251036/mckenzie-s-coconut-moist-flakes
94217,Spc Young Green Jackfruit Pieces In Water 410g,$2.80 ,$0.68 / 100G,/shop/productdetails/94217/spc-young-green-jackfruit-pieces-in-water
94126,Campos Superior Coffee Beans 500g,$29.00 ,$5.80 / 100G,/shop/productdetails/94126/campos-superior-coffee-beans
199103,Chi Forest Sparkling Water Grape Delight 6 Pack,$11.00 ,$0.56 / 100ML,/shop/productdetails/199103/chi-forest-sparkling-water-grape-delight
948507,Gourmet Garden Paste Chilli Mild 80g,$4.00 ,$0.50 / 10G,/shop/productdetails/948507/gourmet-garden-paste-chilli-mild
805950,Nescafe Dolce Gusto Espresso Intenso Coffee Pods 16 Pack,$10.00 ,$0.63 / 1EA,/shop/productdetails/805950/nescafe-dolce-gusto-espresso-intenso-coffee-pods
726259,Woolworths Almonds Blanched 120g,$2.30 ,$19.17 / 1KG,/shop/productdetails/726259/woolworths-almonds-blanched
189525,Bubbleme Bubble Tea Taro Flavour 470ml,$2.50 ,$0.53 / 100ML,/shop/productdetails/189525/bubbleme-bubble-tea-taro-flavour
235127,Macro Natural Almond Kernels 250g,$7.00 ,$28.00 / 1KG,/shop/productdetails/235127/macro-natural-almond-kernels
663037,Mama Cup Noodles Tom Yum 70g,$1.50 ,$2.14 / 100G,/shop/productdetails/663037/mama-cup-noodles-tom-yum
93880,Sunbeam Australian Lexia Raisins 1kg,$13.00 ,$13.00 / 1KG,/shop/productdetails/93880/sunbeam-australian-lexia-raisins
94330,Beerenberg Sweet Mustard Pickle 265g,$5.50 ,$2.08 / 100G,/shop/productdetails/94330/beerenberg-sweet-mustard-pickle
302647,Cobram Estate Light Olive Oil Extra Virgin 375ml,$8.50 ,$2.27 / 100ML,/shop/productdetails/302647/cobram-estate-light-olive-oil-extra-virgin
164024,Kellogg's Coco Pops Gluten Free Breakfast Cereal 390g,$7.50 ,$1.92 / 100G,/shop/productdetails/164024/kelloggs-coco-pops-gluten-free-breakfast-cereal
661670,Betty Crocker Supreme Lemon Slice Mix Slice Mix 510g,$6.00 ,$1.18 / 100G,/shop/productdetails/661670/betty-crocker-supreme-lemon-slice-mix-slice-mix
146325,Carman's Original Fruit Free Muesli 500g,$6.90 ,$1.38 / 100G,/shop/productdetails/146325/carman-s-original-fruit-free-muesli
1563,Masterfoods Dijonnaise Mustard 250g,$4.00 ,$1.60 / 100G,/shop/productdetails/1563/masterfoods-dijonnaise-mustard
169031,Mingle Use Me On Everything All Natural Seasoning 50g,$3.95 ,$0.79 / 10G,/shop/productdetails/169031/mingle-use-me-on-everything-all-natural-seasoning
151242,Nescafe Farmers Origins Capsules Brazil 10 Pack,$5.20 ,$0.52 / 1EA,/shop/productdetails/151242/nescafe-farmers-origins-capsules-brazil
143478,Noshu 95% Sugar Free Milk Chocolate Melts 150g,$5.60 ,$3.73 / 100G,/shop/productdetails/143478/noshu-95-sugar-free-milk-chocolate-melts
147942,Sun Maid California Pitted Prunes 225g,$3.80 ,$16.89 / 1KG,/shop/productdetails/147942/sun-maid-california-pitted-prunes
304977,Best Foods Real Mayonnaise Jar 405g,$6.50 ,$1.60 / 100G,/shop/productdetails/304977/best-foods-real-mayonnaise-jar
474367,Betty Crocker Vanilla Gluten Free Cupcake Mix 460g,$7.00 ,$1.52 / 100G,/shop/productdetails/474367/betty-crocker-vanilla-gluten-free-cupcake-mix
59973,Capilano 100% Pure Australian Honey Yellow Box Squeeze 340g,$6.90 ,$2.03 / 100G,/shop/productdetails/59973/capilano-100-pure-australian-honey-yellow-box-squeeze
801530,La Costena Chipotle Sauce 220g,$5.00 ,$2.27 / 100G,/shop/productdetails/801530/la-costena-chipotle-sauce
169311,Maggi Side Dishes Cheesy Broccoli And Cauliflower Bake 31g,$1.75 ,$5.65 / 100G,/shop/productdetails/169311/maggi-side-dishes-cheesy-broccoli-and-cauliflower-bake
479743,Ainsley Harriot Cous Cous Spice Sensation 100g,$2.60 ,$2.60 / 100G,/shop/productdetails/479743/ainsley-harriot-cous-cous-spice-sensation
701701,Be Natural Breakfast Cereal With 5 Whole Grain Flakes 325g,$3.50 ,$1.08 / 100G,/shop/productdetails/701701/be-natural-breakfast-cereal-with-5-whole-grain-flakes
162480,Bryne Co Pickled Gherkins 1.36kg,$3.50 ,$2.57 / 1KG,/shop/productdetails/162480/bryne-co-pickled-gherkins
40312,Erawan Rice Stick Small 375g,$3.00 ,$0.80 / 100G,/shop/productdetails/40312/erawan-rice-stick-small
168921,Green's Traditional Cake Mix Lemon 470g,$2.50 ,$0.53 / 100G,/shop/productdetails/168921/green-s-traditional-cake-mix-lemon
213157,Keen's Meal Base Creamy Mild Chicken Curry 285g,$3.00 ,$1.05 / 100G,/shop/productdetails/213157/keens-meal-base-creamy-mild-chicken-curry
32901,Masterfoods Australian Mustard 175g,$4.00 ,$2.29 / 100G,/shop/productdetails/32901/masterfoods-australian-mustard
828231,Nissin Noodle Bowl Sesame Oil Flavour 110g,$2.60 ,$2.36 / 100G,/shop/productdetails/828231/nissin-noodle-bowl-sesame-oil-flavour
495007,The Pancake Parlour Pancake Mix 500g,$7.95 ,$1.59 / 100G,/shop/productdetails/495007/the-pancake-parlour-pancake-mix
205470,Angas Park Pitted Dates 500g,$5.50 ,$11.00 / 1KG,/shop/productdetails/205470/angas-park-pitted-dates
128377,Campos Superior Ground Coffee 250g,$16.00 ,$6.40 / 100G,/shop/productdetails/128377/campos-superior-ground-coffee
207593,Jordans Low Sugar Granola Strawberry & Seeds 500g,$4.25 ,$0.85 / 100G,/shop/productdetails/207593/jordans-low-sugar-granola-strawberry-seeds
239790,Natvia The Real Choc Top Flavoured Topping No Added Sugar 250ml,$4.50 ,$1.80 / 100ML,/shop/productdetails/239790/natvia-the-real-choc-top-flavoured-topping-no-added-sugar
240466,Aeroplane Lite Creamy Mousse Mix Chocolate Flavour 53g,$2.50 ,$4.72 / 100G,/shop/productdetails/240466/aeroplane-lite-creamy-mousse-mix-chocolate-flavour
213070,L'or Espresso Caramel Capsules 10 Pack,$5.50 ,$0.55 / 1EA,/shop/productdetails/213070/l-or-espresso-caramel-capsules
893028,Le Phare Du Cap Bon Harissa Tube 70g,$2.60 ,$0.37 / 10G,/shop/productdetails/893028/le-phare-du-cap-bon-harissa-tube
820127,Lighthouse Wholemeal Plain Flour For Bread Pizza & Tortilla 1kg,$3.85 ,$3.85 / 1KG,/shop/productdetails/820127/lighthouse-wholemeal-plain-flour-for-bread-pizza-tortilla
208019,Nexba Liquid Brekkie Rich Chocolate 3 Pack,$3.90 ,$5.20 / 1L,/shop/productdetails/208019/nexba-liquid-brekkie-rich-chocolate
937713,Coco Earth Premium Liquid Coconut Oil 500ml,$14.50 ,$2.90 / 100ML,/shop/productdetails/937713/coco-earth-premium-liquid-coconut-oil
189306,Edgell Nourish Bowl Zesty Cauli Rice Salad With Beans And Veggies 180g,$4.00 ,$2.22 / 100G,/shop/productdetails/189306/edgell-nourish-bowl-zesty-cauli-rice-salad-with-beans-and-veggies
1073961044,Warheads Jumbo Mega Warheads Showbag,$23.00 ,,/shop/productdetails/1073961044/warheads-jumbo-mega-warheads-showbag
22733,Zanae Dolmades Vine Leaves Stuffed With Rice 280g,$5.65 ,$20.18 / 1KG,/shop/productdetails/22733/zanae-dolmades-vine-leaves-stuffed-with-rice
678380,Australian Organic Food Co Mushroom & Thyme Soup 330g,$3.90 ,$1.18 / 100G,/shop/productdetails/678380/australian-organic-food-co-mushroom-thyme-soup
52145,Frank's Redhot Xtra Hot Cayenne Pepper Hot Sauce 148ml,$3.80 ,$2.57 / 100ML,/shop/productdetails/52145/frank-s-redhot-xtra-hot-cayenne-pepper-hot-sauce
217506,Green's Cake Mix Traditional Sultana 340g,$2.50 ,$0.74 / 100G,/shop/productdetails/217506/green-s-cake-mix-traditional-sultana
202149,Hart & Soul Pho Noodle Soup Cooking Kit 263g,$5.00 ,$1.90 / 100G,/shop/productdetails/202149/hart-soul-pho-noodle-soup-cooking-kit
66833,Mogu Mogu Grape Drink 320ml,$2.20 ,$6.88 / 1L,/shop/productdetails/66833/mogu-mogu-grape-drink
98048,Bega Light Peanut Spread Crunchy 470g,$6.40 ,$1.36 / 100G,/shop/productdetails/98048/bega-light-peanut-spread-crunchy
232236,Hellmann's Light Mayo Squeeze Bottle 432g,$5.50 ,$1.27 / 100G,/shop/productdetails/232236/hellmann-s-light-mayo-squeeze-bottle
121977,Miso Tasty Sweet & Savoury Miso Sauce 100g,$3.50 ,$3.50 / 100G,/shop/productdetails/121977/miso-tasty-sweet-savoury-miso-sauce
702359,Pandaroo Japanese Instant Miso Soup Spinach 12g,$3.00 ,$25.00 / 100G,/shop/productdetails/702359/pandaroo-japanese-instant-miso-soup-spinach
100123,Cloverdale Pure Organic Honey Squeeze 400g,$6.20 ,$1.55 / 100G,/shop/productdetails/100123/cloverdale-pure-organic-honey-squeeze
335575,Green's Cake Mix Chocolate Mud 530g,$5.00 ,$0.94 / 100G,/shop/productdetails/335575/green-s-cake-mix-chocolate-mud
28412,Lavazza A Modo Mio Intenso 16 Pack,$7.50 ,$0.47 / 1EA,/shop/productdetails/28412/lavazza-a-modo-mio-intenso
700456,Mccormick Organic Paprika Ground 16g,$2.25 ,$1.41 / 10G,/shop/productdetails/700456/mccormick-organic-paprika-ground
71077,Three Threes Olives Stuffed 250g,$3.00 ,$12.00 / 1KG,/shop/productdetails/71077/three-threes-olives-stuffed
517215,Woolworths Free From Gluten Chocolate Cake Mix 430g,$3.00 ,$0.70 / 100G,/shop/productdetails/517215/woolworths-free-from-gluten-chocolate-cake-mix
478354,Bushells Powdered Coffee Classic 200g,$6.80 ,$3.40 / 100G,/shop/productdetails/478354/bushells-powdered-coffee-classic
210562,Dollar Sweets Unbleached Patty Pans Large 100 Pack,$3.50 ,$0.04 / 1EA,/shop/productdetails/210562/dollar-sweets-unbleached-patty-pans-large
840221,Mighty Spice Butter Chicken 80g,$4.00 ,$5.00 / 100G,/shop/productdetails/840221/mighty-spice-butter-chicken
174539,Moccona Coffee Sachets Sweet Cappuccino 10 Pack,$3.50 ,$0.35 / 1EA,/shop/productdetails/174539/moccona-coffee-sachets-sweet-cappuccino
341166,Moccona Freeze Dried Instant Coffee Espresso Style 200g,$16.00 ,$8.00 / 100G,/shop/productdetails/341166/moccona-freeze-dried-instant-coffee-espresso-style
341164,Moccona Freeze Dried Instant Coffee Mocha Kenya Style 200g,$16.00 ,$8.00 / 100G,/shop/productdetails/341164/moccona-freeze-dried-instant-coffee-mocha-kenya-style
222700,Nescafe Vanilla Malt Latte 98% Sugar Free 10 Pack,$7.60 ,$0.76 / 1EA,/shop/productdetails/222700/nescafe-vanilla-malt-latte-98-sugar-free
364390,Squid Brand Fish Sauce Premium 725ml,$4.20 ,$0.58 / 100ML,/shop/productdetails/364390/squid-brand-fish-sauce-premium
303266,Batchelors Mushy Peas Canned Chip Shop 300g,$2.90 ,$0.97 / 100G,/shop/productdetails/303266/batchelors-mushy-peas-canned-chip-shop
622091,Baxter's Caramelised Onion Relish 240g,$4.70 ,$1.96 / 100G,/shop/productdetails/622091/baxter-s-caramelised-onion-relish
742383,Higher Living Organic Daily Detox Tea Bags 15 Pack,$4.40 ,$0.29 / 1EA,/shop/productdetails/742383/higher-living-organic-daily-detox-tea-bags
279806,Hoyts Nutmeg Whole Whole 30g,$3.00 ,$1.00 / 10G,/shop/productdetails/279806/hoyts-nutmeg-whole-whole
842159,La Costena Mexican Style Whole Black Beans 400g,$3.50 ,$0.88 / 100G,/shop/productdetails/842159/la-costena-mexican-style-whole-black-beans
16677,Fix And Fogg Everything Butter 275g,$6.90 ,$2.51 / 100G,/shop/productdetails/16677/fix-and-fogg-everything-butter
784112,Goulburn Valley Fruit Salad In Juice 700g,$4.60 ,$6.57 / 1KG,/shop/productdetails/784112/goulburn-valley-fruit-salad-in-juice
929287,Green's Gluten Free Golden Butter Cake Mix 470g,$5.00 ,$1.06 / 100G,/shop/productdetails/929287/green-s-gluten-free-golden-butter-cake-mix
324843,Green's Orange Poppyseed Cake Mix 580g,$5.00 ,$0.86 / 100G,/shop/productdetails/324843/green-s-orange-poppyseed-cake-mix
551886,Lavazza Prontissimo! Intenso Premium Instant Coffee 95g,$6.60 ,$6.95 / 100G,/shop/productdetails/551886/lavazza-prontissimo-intenso-premium-instant-coffee
218692,Orgran Gluten Free Porridge Honey Sachets 210g,$6.00 ,$2.86 / 100G,/shop/productdetails/218692/orgran-gluten-free-porridge-honey-sachets
208410,Carman's Wheat Free Australian Oats 500g,$5.40 ,$1.08 / 100G,/shop/productdetails/208410/carman-s-wheat-free-australian-oats
81782,Cockatoo Grove Organic Australian Extra Virgin Olive Oil 500ml,$10.00 ,$2.00 / 100ML,/shop/productdetails/81782/cockatoo-grove-organic-australian-extra-virgin-olive-oil
93039,Harris Coffee Ground Smooth 1kg,$26.00 ,$2.60 / 100G,/shop/productdetails/93039/harris-coffee-ground-smooth
223725,Maharajah's Choice Ingredients Ghee Pure 300ml,$6.20 ,$2.07 / 100ML,/shop/productdetails/223725/maharajah-s-choice-ingredients-ghee-pure
209986,Masterfoods Fennel Seed Whole 26g,$3.80 ,$1.46 / 10G,/shop/productdetails/209986/masterfoods-fennel-seed-whole
241372,Natvia Cara-melty Caramel Flavoured Topping No Added Sugar 250ml,$4.50 ,$1.80 / 100ML,/shop/productdetails/241372/natvia-cara-melty-caramel-flavoured-topping-no-added-sugar
802956,Sunsweet Premium Dried Mango 130g,$7.50 ,$57.69 / 1KG,/shop/productdetails/802956/sunsweet-premium-dried-mango
147810,Always Fresh Olives Spanish Stuffed 700g,$5.80 ,$8.29 / 1KG,/shop/productdetails/147810/always-fresh-olives-spanish-stuffed
243094,Avofresh Classic Guacamole 160g,$5.50 ,$3.44 / 100G,/shop/productdetails/243094/avofresh-classic-guacamole
239543,Birch & Waite Pad Thai Stir Fry Sauce 200g,$5.50 ,$2.75 / 100G,/shop/productdetails/239543/birch-waite-pad-thai-stir-fry-sauce
36438,Hot Pot Casserole Base Curry 100g,$2.99 ,$2.99 / 100G,/shop/productdetails/36438/hot-pot-casserole-base-curry
797819,Pukka Tea Bags Lemon Ginger & Manuka Honey 20 Pack,$8.25 ,$0.41 / 1EA,/shop/productdetails/797819/pukka-tea-bags-lemon-ginger-manuka-honey
324849,Green's Traditional  Orange Cake Mix 470g,$2.50 ,$0.53 / 100G,/shop/productdetails/324849/green-s-traditional-orange-cake-mix
244672,Lucky Natural Cashew Pieces 150g,$2.50 ,$16.67 / 1KG,/shop/productdetails/244672/lucky-natural-cashew-pieces
278658,Mckenzie's Citric Acid 150g,$5.10 ,$3.40 / 100G,/shop/productdetails/278658/mckenzie-s-citric-acid
92219,Moccona Plant Based Coffee Sachets Soy Cappuccino 8 Pack,$3.50 ,$0.44 / 1EA,/shop/productdetails/92219/moccona-plant-based-coffee-sachets-soy-cappuccino
785162,Creative Kitchen Soft White Ready To Roll Fondant 1kg,$8.00 ,$0.80 / 100G,/shop/productdetails/785162/creative-kitchen-soft-white-ready-to-roll-fondant
433285,Maharajah's Choice Spice Curry Powder 250g,$2.70 ,$0.11 / 10G,/shop/productdetails/433285/maharajah-s-choice-spice-curry-powder
732545,Moccona Freeze Dried Instant Coffee Hazelnut 95g,$11.50 ,$12.11 / 100G,/shop/productdetails/732545/moccona-freeze-dried-instant-coffee-hazelnut
166920,Nando's Garlic Medium Peri-peri Chilli Sauce 250g,$6.80 ,$2.72 / 100G,/shop/productdetails/166920/nando-s-garlic-medium-peri-peri-chilli-sauce
700134,Avalanche 99% Sugar Free Cappucinno 10 Pack,$4.40 ,$0.44 / 1EA,/shop/productdetails/700134/avalanche-99-sugar-free-cappucinno
680973,Betty Crocker Strawberry Gluten Free Frosting 400g,$5.50 ,$1.38 / 100G,/shop/productdetails/680973/betty-crocker-strawberry-gluten-free-frosting
198678,Always Fresh Dolmades 280g,$5.80 ,$20.71 / 1KG,/shop/productdetails/198678/always-fresh-dolmades
236812,Blue Banner Tasmanian Pickled Onions 525g,$6.50 ,$1.24 / 100G,/shop/productdetails/236812/blue-banner-tasmanian-pickled-onions
243115,Carman's Crunchy Oat Clusters Honey Roasted Nut 450g,$6.90 ,$1.53 / 100G,/shop/productdetails/243115/carman-s-crunchy-oat-clusters-honey-roasted-nut
161876,Egmont Honey Manuka Honey Mgo 50+ 250g,$12.50 ,$5.00 / 100G,/shop/productdetails/161876/egmont-honey-manuka-honey-mgo-50-
169542,Frank's Redhot Original Thick Hot Sauce 368ml,$6.00 ,$1.63 / 100G,/shop/productdetails/169542/frank-s-redhot-original-thick-hot-sauce
193529,Shan Arabic Seasoning Mix Beryani Rice 60g,$1.00 ,$2.00 / 100G,/shop/productdetails/193529/shan-arabic-seasoning-mix-beryani-rice
355118,Macro Almond Kernels 500g,$13.00 ,$26.00 / 1KG,/shop/productdetails/355118/macro-almond-kernels
248497,Moccona Freeze Dried Instant Coffee Classic Dark Roast 100g,$11.50 ,$11.50 / 100G,/shop/productdetails/248497/moccona-freeze-dried-instant-coffee-classic-dark-roast
159542,Cloverdale Pure Honey Handypack 2.5kg,$23.00 ,$0.92 / 100G,/shop/productdetails/159542/cloverdale-pure-honey-handypack
345958,Cobram Estate Extra Virgin Olive Oil Chilli Infused 250ml,$7.70 ,$3.08 / 100ML,/shop/productdetails/345958/cobram-estate-extra-virgin-olive-oil-chilli-infused
187222,Kellogg's Special K High Fibre Breakfast Cereal 385g,$8.00 ,$2.08 / 100G,/shop/productdetails/187222/kelloggs-special-k-high-fibre-breakfast-cereal
260684,Mckenzie's Natural Sea Salt Grinder 410g,$8.50 ,$0.21 / 10G,/shop/productdetails/260684/mckenzie-s-natural-sea-salt-grinder
166921,Nando's Perinaise Hot Peri-peri Mayonnaise Sauce 465g,$7.30 ,$1.57 / 100G,/shop/productdetails/166921/nando-s-perinaise-hot-peri-peri-mayonnaise-sauce
787277,Old El Paso Black Beans 425g,$4.50 ,$1.06 / 100G,/shop/productdetails/787277/old-el-paso-black-beans
661046,Aunt Betty's Gluten Free Chocolate 2x95g,$4.90 ,$2.58 / 100G,/shop/productdetails/661046/aunt-betty-s-gluten-free-chocolate
231446,Buderim Australian Sushi Ginger 200g,$6.00 ,$3.00 / 100G,/shop/productdetails/231446/buderim-ginger-australian-sushi-ginger
781425,Lake Prespa Red Peppers Fire Roasted 1kg,$11.00 ,$11.00 / 1KG,/shop/productdetails/781425/lake-prespa-red-peppers-fire-roasted
167884,Pandaroo Ingredients Mushroom Chinese Sliced 40g,$3.50 ,$87.50 / 1KG,/shop/productdetails/167884/pandaroo-ingredients-mushroom-chinese-sliced
52183,Batchelors Mushy Peas Canned Original 300g,$2.90 ,$0.97 / 100G,/shop/productdetails/52183/batchelors-mushy-peas-canned-original
199374,Hart & Soul Laksa Noodle Soup Cooking Kit Serves 2 316g,$5.00 ,$1.58 / 100G,/shop/productdetails/199374/hart-soul-laksa-noodle-soup-cooking-kit-serves-2
143699,Lucky Toasted Slivered Almonds 110g,$5.50 ,$50.00 / 1KG,/shop/productdetails/143699/lucky-toasted-slivered-almonds
175011,Pukka Night Time Berry Herbal Tea 20 Pack,$8.25 ,$0.41 / 1EA,/shop/productdetails/175011/pukka-night-time-berry-herbal-tea
147307,Jordans Simply Granola Crunchy Oat & Honey 1.5kg,$12.00 ,$0.80 / 100G,/shop/productdetails/147307/jordans-simply-granola-crunchy-oat-honey
117307,Masterfoods Ground Cardamom 35g,$5.00 ,$1.43 / 10G,/shop/productdetails/117307/masterfoods-ground-cardamom
43083,Moro Light Taste Olive Oil 4l,$43.00 ,$1.08 / 100ML,/shop/productdetails/43083/moro-light-taste-olive-oil
35176,Saunders Malt Extract 1kg,$10.00 ,$1.00 / 100G,/shop/productdetails/35176/saunders-malt-extract
194335,Shan Arabic Seasoning Mix Shish Taouk 40g,$1.00 ,$2.50 / 100G,/shop/productdetails/194335/shan-arabic-seasoning-mix-shish-taouk
607077,Sweet Baby Ray's Honey Chipotle Bbq Sauce 425ml,$6.90 ,$1.62 / 100ML,/shop/productdetails/607077/sweet-baby-ray-s-honey-chipotle-bbq-sauce
793246,Betty Crocker Devils Food Gluten Free Cake Mix 550g,$7.00 ,$1.27 / 100G,/shop/productdetails/793246/betty-crocker-devils-food-gluten-free-cake-mix
64137,Carman's Deluxe Muesli Almond & Maple 400g,$8.00 ,$2.00 / 100G,/shop/productdetails/64137/carman-s-deluxe-muesli-almond-maple
791072,Lingham's Sauce Chilli 280g,$3.90 ,$1.39 / 100ML,/shop/productdetails/791072/lingham-s-sauce-chilli
847088,Pantai Shrimp Paste 100g,$2.50 ,$2.50 / 100G,/shop/productdetails/847088/pantai-shrimp-paste
164442,Bega Simply Nuts The Crunchiest 650g,$8.50 ,$1.31 / 100G,/shop/productdetails/164442/bega-simply-nuts-the-crunchiest
134164,Chef's Choice Organic Split Red Lentils 500g,$4.00 ,$0.80 / 100G,/shop/productdetails/134164/chef-s-choice-organic-split-red-lentils
254490,Jarrah Brazilian Caf Latte Instant Coffee 250g,$7.50 ,$3.00 / 100G,/shop/productdetails/254490/jarrah-brazilian-caf-latte-instant-coffee
89759,Macro Australian Currants 400g,$6.00 ,$15.00 / 1KG,/shop/productdetails/89759/macro-australian-currants
553058,Macro Organic Crunchy Peanut Butter 375g,$6.00 ,$1.60 / 100G,/shop/productdetails/553058/macro-organic-crunchy-peanut-butter
220002,Masterfoods One Pan Rice Spanish Style Paella 250g,$4.00 ,$1.60 / 100G,/shop/productdetails/220002/masterfoods-one-pan-rice-spanish-style-paella
66966,Mogu Mogu Lychee Drink 1l,,,/shop/productdetails/66966/mogu-mogu-lychee-drink
160019,Nestle Coffee & Milk Tin 395g,$5.00 ,$1.27 / 100G,/shop/productdetails/160019/nestle-coffee-milk-tin
781653,Bega Cream Cheese Spread Light 515g,$7.00 ,$13.59 / 1KG,/shop/productdetails/781653/bega-cream-cheese-spread-light
33642,Capilano 100% Pure Australian Honey Jar 500g,$8.60 ,$1.72 / 100G,/shop/productdetails/33642/capilano-100-pure-australian-honey-jar
170793,Farmers Co. Bush Foods Breakfast Cereal 500g,$5.50 ,$1.10 / 100G,/shop/productdetails/170793/farmers-co-bush-foods-breakfast-cereal
242688,"Marion's Kitchen Honey, Soy & Garlic Marinade & Sauce 240ml",$5.00 ,$2.08 / 100ML,/shop/productdetails/242688/marion-s-kitchen-honey-soy-garlic-marinade-sauce
265799,Maynards Wine Gums 39g,$1.60 ,$4.10 / 100G,/shop/productdetails/265799/maynards-wine-gums
72641,Woolworths Plantitude Massaman Tofu With Jasmine Rice 350g,$5.00 ,$1.43 / 100G,/shop/productdetails/72641/woolworths-plantitude-massaman-tofu-with-jasmine-rice
79303,Fray Bentos Steak & Kidney Pie 425g,$10.50 ,$24.71 / 1KG,/shop/productdetails/79303/fray-bentos-steak-kidney-pie-steak-kidney-pie
829542,Grinders Coffee Capsules Crema Caffitaly System 10 Pack,$8.00 ,$0.80 / 1EA,/shop/productdetails/829542/grinders-coffee-capsules-crema-caffitaly-system
95076,Woolworths Australian Wheat Bran 500g,$1.80 ,$0.36 / 100G,/shop/productdetails/95076/woolworths-australian-wheat-bran
54383,Continental Recipe Base Mild Mince Curry 40g,$1.80 ,$4.50 / 100G,/shop/productdetails/54383/continental-recipe-base-mild-mince-curry
143960,Deliciou Plant Based Chicken 140g,$9.00 ,$6.43 / 100G,/shop/productdetails/143960/deliciou-plant-based-chicken
33427,Golden Circle Australian Canned Fruit Tinned Crushed Pineapple In Syrup 450g,$4.40 ,$9.78 / 1KG,/shop/productdetails/33427/golden-circle-australian-canned-fruit-tinned-crushed-pineapple-in-syrup
33228,Gravox Traditional Gravy Mix 200g,$4.20 ,$0.21 / 10G,/shop/productdetails/33228/gravox-traditional-gravy-mix-powder-traditional
271521,"Hart & Soul Country Chicken, Kale & Quinoa Soup 400g",$3.80 ,$0.95 / 100G,/shop/productdetails/271521/hart-soul-country-chicken-kale-quinoa-soup
100733,Marion's Kitchen Thai Red Curry Cooking Kit 394g,$8.50 ,$2.16 / 100G,/shop/productdetails/100733/marion-s-kitchen-thai-red-curry-cooking-kit
224622,Nescafe Choc Hazelnut Mocha 98% Sugar Free 10 Pack,$7.60 ,$0.76 / 1EA,/shop/productdetails/224622/nescafe-choc-hazelnut-mocha-98-sugar-free
144031,Nescafe Scorched Almond Mocha Coffee Sachets 10 Pack,$7.60 ,$0.76 / 1EA,/shop/productdetails/144031/nescafe-scorched-almond-mocha-coffee-sachets
73491,Praise Mayonnaise Traditional 470g,$5.00 ,$1.06 / 100G,/shop/productdetails/73491/praise-mayonnaise-traditional
226902,Avalanche Vanilla Chai Latte 10 Pack,$4.40 ,$0.44 / 1EA,/shop/productdetails/226902/avalanche-vanilla-chai-latte
243955,Ben's Original Lightly Flavoured Lemon Rice 250g,$3.00 ,$1.20 / 100G,/shop/productdetails/243955/ben-s-original-lightly-flavoured-lemon-rice
55874,Bonne Maman Cherry Conserve 370g,$5.50 ,$1.49 / 100G,/shop/productdetails/55874/bonne-maman-cherry-conserve
156337,Moccona Barista Reserve Classic Creme Instant Coffee 95g,$11.50 ,$12.11 / 100G,/shop/productdetails/156337/moccona-barista-reserve-classic-creme-instant-coffee
232231,Spc Fruit Powerz Apple & Banana Puree Pouches 90g X 4 Pack,$5.00 ,$13.89 / 1KG,/shop/productdetails/232231/spc-fruit-powerz-apple-banana-puree-pouches
142329,Seriously Low Carb Seeded Bread Mix 300g,$6.40 ,$21.33 / 1KG,/shop/productdetails/142329/seriously-low-carb-seeded-bread-mix
310379,Aeroplane Natural Colours & Flavours Strawberry Flavoured Jelly 85g,$1.40 ,$1.65 / 100G,/shop/productdetails/310379/aeroplane-natural-colours-flavours-strawberry-flavoured-jelly
243767,Arnold's Farm Toasted Muesli Berry Blend & Yoghurt 700g,$5.00 ,$0.71 / 100G,/shop/productdetails/243767/arnold-s-farm-toasted-muesli-berry-blend-yoghurt
123048,Ayam San Choy Bao Sauce 210ml,$4.00 ,$1.90 / 100ML,/shop/productdetails/123048/ayam-san-choy-bao-sauce
227173,Nestle Plaistowe Milk Chocolate Baking Block 180g,$3.50 ,$1.94 / 100G,/shop/productdetails/227173/nestle-plaistowe-milk-chocolate-baking-block
234039,"Oli & Vine Balsamic, Pomegranate & Extra Virgin Olive Oil Dressing 250ml",$5.00 ,$2.00 / 100ML,/shop/productdetails/234039/oli-vine-balsamic-pomegranate-extra-virgin-olive-oil-dressing
311907,Red Kellys Salad Dressing Caesar 250ml,$4.80 ,$1.92 / 100ML,/shop/productdetails/311907/red-kellys-salad-dressing-caesar
309497,Twinings French Earl Grey 80 Pack,$13.50 ,$0.17 / 1EA,/shop/productdetails/309497/twinings-french-earl-grey
374575,Beerenberg Dressings Parmesan Caesar 300ml,$6.00 ,$2.00 / 100ML,/shop/productdetails/374575/beerenberg-dressings-parmesan-caesar
36351,Masterfoods Ground All Spice 30g,$3.55 ,$1.18 / 10G,/shop/productdetails/36351/masterfoods-ground-all-spice
626973,Obento Ponzu Sauce 250ml,$2.55 ,$1.02 / 100ML,/shop/productdetails/626973/obento-ponzu-sauce
159214,Passage To Asia Veg Curry Bowl Malaysian Satay With Jasmine Rice 280g,$5.50 ,$1.96 / 100G,/shop/productdetails/159214/passage-to-asia-veg-curry-bowl-malaysian-satay-with-jasmine-rice
172449,Rowntrees Fruit Pastilles 143g,$5.50 ,$3.85 / 100G,/shop/productdetails/172449/rowntrees-fruit-pastilles
215154,Byron Bay Chilli Co. Chilli Sauce Fiery Coconut 250ml,$5.00 ,$2.00 / 100ML,/shop/productdetails/215154/byron-bay-chilli-co-chilli-sauce-fiery-coconut
143977,Lucky Toasted Sliced Almonds 110g,$5.50 ,$50.00 / 1KG,/shop/productdetails/143977/lucky-toasted-sliced-almonds
135507,Mingle Satay Seasoning 30g,$1.95 ,$6.50 / 100G,/shop/productdetails/135507/mingle-satay-seasoning
237389,Picon Creamy Spread Portions Cheese Spread 120g,$3.20 ,$26.67 / 1KG,/shop/productdetails/237389/picon-creamy-spread-portions-cheese-spread
39488,Plumrose Ham Leg 200g,$7.90 ,$39.50 / 1KG,/shop/productdetails/39488/plumrose-ham-leg
1073927475,Toblerone Chocolate Gift Pouch 3PK 120g,$32.00 ,$10.67 / 1EA,/shop/productdetails/1073927475/toblerone-chocolate-gift-pouch-3pk-120g
698866,Woolworths Olive Oil Spanish Mellow 500ml,$7.00 ,$1.40 / 100ML,/shop/productdetails/698866/woolworths-olive-oil-spanish-mellow
152913,Baci Original Dark Truffle Share Bag 125g,$8.00 ,$6.40 / 100G,/shop/productdetails/152913/baci-original-dark-truffle-share-bag
760486,Betty Crocker Strawberries & Cream Cake Mix Cake Mix 540g,$6.00 ,$1.11 / 100G,/shop/productdetails/760486/betty-crocker-strawberries-cream-cake-mix-cake-mix
85168,Mama Pork Instant Noodles 90g X5 Pack,$6.50 ,$1.44 / 100G,/shop/productdetails/85168/mama-pork-instant-noodles
1073982452,Samyang Hot Chicken Nuclear Ramen 2 x Spicy 140g * 5bag X 2Pack,$25.29 ,$1.81 / 100G,/shop/productdetails/1073982452/samyang-hot-chicken-nuclear-ramen-2-x-spicy-140g-5bag-x-2pack
158984,Caffe Aurora Espresso Blend Coffee Beans 1kg,$19.00 ,$1.90 / 100G,/shop/productdetails/158984/caff-aurora-espresso-blend-coffee-beans
321599,Cobram Estate Extra Virgin Olive Oil Lemon Infused 250ml,$7.70 ,$3.08 / 100ML,/shop/productdetails/321599/cobram-estate-extra-virgin-olive-oil-lemon-infused
9446,Dole Pineapple Slices In Syrup 836g,$5.25 ,$6.28 / 1KG,/shop/productdetails/9446/dole-pineapple-slices-in-syrup
93035,Essentials Processed Bran Sticks 500g,$1.79 ,$0.36 / 100G,/shop/productdetails/93035/essentials-processed-bran-sticks
113179,Macro Cacao Craze Almonds 150g,$4.50 ,$3.00 / 100G,/shop/productdetails/113179/macro-cacao-craze-almonds
275132,Uncle Tobys Rolled Oats Delicious Blends Queensland Mango & Macadamia 320g,$5.00 ,$1.56 / 100G,/shop/productdetails/275132/uncle-tobys-rolled-oats-delicious-blends-queensland-mango-macadamia
745620,Bertolli Extra Light Olive Oil Spray 132g,$6.00 ,$4.55 / 100G,/shop/productdetails/745620/bertolli-extra-light-olive-oil-spray
152917,"Blue Frog Raspberry, Coconut & Toasted Almond Muesli 350g",$14.75 ,$4.21 / 100G,/shop/productdetails/152917/blue-frog-raspberry-coconut-toasted-almond-muesli
690366,Macro Organic Olives Whole Greek Kalamata 350g,$3.30 ,$9.43 / 1KG,/shop/productdetails/690366/macro-organic-olives-whole-greek-kalamata
225651,Mood Tea Get On Up Pineapple & Cinnamon Tea Bags 10 Pack,$5.50 ,$0.55 / 1EA,/shop/productdetails/225651/mood-tea-get-on-up-pineapple-cinnamon-tea-bags
760341,Old El Paso Chili & Garlic Rice Kit Mexican Style 355g,$9.50 ,$2.68 / 100G,/shop/productdetails/760341/old-el-paso-chili-garlic-rice-kit-mexican-style
175728,Rowntrees Fruit Pastilles 50g,$2.30 ,$4.60 / 100G,/shop/productdetails/175728/rowntrees-fruit-pastilles
828665,Wei Chuan Dumpling Sauce Original 190ml,$3.50 ,$1.84 / 100ML,/shop/productdetails/828665/wei-chuan-dumpling-sauce-original
699576,Csr All Natural Buttercream Icing Mix Chocolate 250g,$3.00 ,$1.20 / 100G,/shop/productdetails/699576/csr-all-natural-buttercream-icing-mix-chocolate
260172,"Campbell's Real Stock Flavour Boost Soy, Honey & Garlic 250ml",$4.00 ,$1.60 / 100ML,/shop/productdetails/260172/campbell-s-real-stock-flavour-boost-soy-honey-garlic
235057,Celebrate Health Keto Vegan Aioli Gluten Free 430ml,$6.30 ,$1.47 / 100ML,/shop/productdetails/235057/celebrate-health-keto-vegan-aioli-gluten-free
190126,"Edgell Nourish Bowl Cherm Veg Rice Salad Chickpeas, Cauli & Broc 180g",$4.00 ,$2.22 / 100G,/shop/productdetails/190126/edgell-nourish-bowl-cherm-veg-rice-salad-chickpeas-cauli-broc
619816,Fehlbergs Jalapenos & Chilli Mix 470g,$5.00 ,$1.06 / 100G,/shop/productdetails/619816/fehlbergs-jalapenos-chilli-mix
476796,Gourmet Garden Mixed Herbs Lightly Dried 8g Sachet,$4.00 ,$5.00 / 10G,/shop/productdetails/476796/gourmet-garden-mixed-herbs-lightly-dried
210359,Hoyts Pepper Four Colour Mix 50g,$4.50 ,$0.90 / 10G,/shop/productdetails/210359/hoyts-pepper-four-colour-mix
341165,Moccona Freeze Dried Instant Coffee French Style 200g,$16.00 ,$8.00 / 100G,/shop/productdetails/341165/moccona-freeze-dried-instant-coffee-french-style
233965,"Oli & Vine Green Goodess, Fragrant Herbs & Tangy Yoghurt Dressing 250ml",$5.00 ,$2.00 / 100ML,/shop/productdetails/233965/oli-vine-green-goodess-fragrant-herbs-tangy-yoghurt-dressing
194214,Shan Arabic Seasoning Mix Shawerma 40g,$1.00 ,$2.50 / 100G,/shop/productdetails/194214/shan-arabic-seasoning-mix-shawerma
830252,Vita Ceylon Lemon Tea 250ml X6 Pack,$8.00 ,$0.53 / 100ML,/shop/productdetails/830252/vita-ceylon-lemon-tea
661671,Betty Crocker Salted Caramel Cookie Mix Limited Edition 400g,$6.00 ,$1.50 / 100G,/shop/productdetails/661671/betty-crocker-salted-caramel-cookie-mix-limited-edition
220958,Lavazza Crema E Gusto Nespresso Compatible Coffee Pods 30 Pack,$10.20 ,$0.34 / 1EA,/shop/productdetails/220958/lavazza-crema-e-gusto-nespresso-compatible-coffee-pods
280439,Mingle Crave This Chilli Con Carne 30g,$1.95 ,$6.50 / 100G,/shop/productdetails/280439/mingle-crave-this-chilli-con-carne
519454,Paldo Dosirac Beef Noodles 86g,$1.75 ,$2.03 / 100G,/shop/productdetails/519454/paldo-dosirac-beef-noodles
1074314827,"Chupa Chups Megatin, 1000 Lollipops",$260.00 ,$2.17 / 100G,/shop/productdetails/1074314827/chupa-chups-megatin-1000-lollipops
490105,Green's Cake Mix Caramel Mud 600g,$5.00 ,$0.83 / 100G,/shop/productdetails/490105/green-s-cake-mix-caramel-mud
701733,Kellogg's Guardian Psyllium Breakfast Cereal 360g,$7.50 ,$2.08 / 100G,/shop/productdetails/701733/kelloggs-guardian-psyllium-breakfast-cereal
71481,Moccona Freeze Dried Instant Coffee Indulgence 100g,$12.50 ,$12.50 / 100G,/shop/productdetails/71481/moccona-freeze-dried-instant-coffee-indulgence
113180,Macro Golden Goodness Turmeric & Ginger Almonds 150g,$4.50 ,$3.00 / 100G,/shop/productdetails/113180/macro-golden-goodness-turmeric-ginger-almonds
101569,Marion's Kitchen Thai Yellow Curry Cooking Kit 404g,$8.50 ,$2.10 / 100G,/shop/productdetails/101569/marion-s-kitchen-thai-yellow-curry-cooking-kit
99800,Nature Nate's 100% Pure Organic Australian Raw & Unfiltered Honey 400g,$9.80 ,$2.45 / 100G,/shop/productdetails/99800/nature-nate-s-100-pure-organic-australian-raw-unfiltered-honey
800494,Plumrose Ham Spiced 340g,$6.50 ,$19.12 / 1KG,/shop/productdetails/800494/plumrose-ham-spiced
858631,Woolworths Great Start Antioxidant Fruity Cereal 400g,$3.50 ,$0.88 / 100G,/shop/productdetails/858631/woolworths-great-start-antioxidant-fruity-cereal
109926,Dollar Sweets Vanilla Buttercream 420g,$5.20 ,$1.24 / 100G,/shop/productdetails/109926/dollar-sweets-vanilla-buttercream
223978,Gokids Vanilla Oat Milk 200ml,$3.30 ,$5.50 / 1L,/shop/productdetails/223978/gokids-vanilla-oat-milk
137537,Good By Grove Avocado Oil 500ml,$13.50 ,$2.70 / 100ML,/shop/productdetails/137537/good-by-grove-good-by-grove-avocado-oil
805178,Hart & Soul Panang Curry 250g,$4.50 ,$1.80 / 100G,/shop/productdetails/805178/hart-soul-panang-curry
188087,Illy Ground Coffee Espresso 250g,$16.00 ,$6.40 / 100G,/shop/productdetails/188087/illy-ground-coffee-espresso
219256,Moccona Barista Reserve Flat White Capsules 10 Pack,$5.00 ,$0.50 / 1EA,/shop/productdetails/219256/moccona-barista-reserve-flat-white-capsules
10788,Baxter's Chilli Jam 225g,$4.70 ,$2.09 / 100G,/shop/productdetails/10788/baxter-s-chilli-jam
165443,Bull's-eye Chilli Hot Sauce Carolina Reaper With Black Garlic 135ml,$4.75 ,$3.52 / 100ML,/shop/productdetails/165443/bull-s-eye-chilli-hot-sauce-carolina-reaper-with-black-garlic
222912,Lavazza Espresso Intenso Nespresso Compatible Coffee Capsules 30 Pack,$10.20 ,$0.34 / 1EA,/shop/productdetails/222912/lavazza-espresso-intenso-nespresso-compatible-coffee-capsules
15105,Old El Paso Green Jalapenos Green Jalapenos 250g,$6.00 ,$2.40 / 100G,/shop/productdetails/15105/old-el-paso-green-jalapenos-green-jalapenos
167241,Batter Brothers Beer Batter Original Mix 190g,$2.50 ,$0.13 / 10G,/shop/productdetails/167241/batter-brothers-beer-batter-original-mix
25087,Blue Banner Onions Pickled 525g,$6.50 ,$12.38 / 1KG,/shop/productdetails/25087/blue-banner-onions-pickled
94921,Byron Bay Chilli Co. Heavenly Habanero Hot Sauce 150ml,$4.50 ,$3.00 / 100ML,/shop/productdetails/94921/byron-bay-chilli-co-heavenly-habanero-hot-sauce
481169,Hikari Red Miso Paste 400g,$4.30 ,$1.08 / 100G,/shop/productdetails/481169/hikari-red-miso-paste
753943,Katoomba Garlic & Ginger 1kg,$4.80 ,$0.05 / 10G,/shop/productdetails/753943/katoomba-garlic-ginger
169363,Masterfoods Creamy Chicken & Mushroom Recipe Base 175g,$2.80 ,$1.60 / 100G,/shop/productdetails/169363/masterfoods-creamy-chicken-mushroom-recipe-base
115752,Nando's Medium Bag & Bake Spice Seasoning 20g,$3.50 ,$1.75 / 10G,/shop/productdetails/115752/nando-s-medium-bag-bake-spice-seasoning
687790,Carman's Porridge 5 Grain Superseed 320g,$5.00 ,$1.56 / 100G,/shop/productdetails/687790/carman-s-porridge-5-grain-superseed
157444,Higher Living Organic Digest Delight Tea Bags 15 Pack,$4.40 ,$0.29 / 1EA,/shop/productdetails/157444/higher-living-organic-digest-delight-tea-bags
279814,Hoyts Pickling Dried Spices 35g,$2.60 ,$0.74 / 10G,/shop/productdetails/279814/hoyts-pickling-dried-spices
1073962707,Jongga Olive oil seaweed 10 Pieces 40g x 3Pack,$24.39 ,$20.33 / 100G,/shop/productdetails/1073962707/jongga-olive-oil-seaweed-10-pieces-40g-x-3pack
47701,Marco Polo Pitted Cherries Pitted Fresh 670g,$4.40 ,$6.57 / 1KG,/shop/productdetails/47701/marco-polo-pitted-cherries-pitted-fresh
788462,Mckenzie's Coconut Flour 330g,$4.00 ,$1.21 / 100G,/shop/productdetails/788462/mckenzie-s-coconut-flour
159844,Nature's Cuppa Rich Roast Coffee Alternative Tin Caffeine Free 125g,$6.00 ,$4.80 / 100G,/shop/productdetails/159844/nature-s-cuppa-rich-roast-coffee-alternative-tin-caffeine-free
66928,Nong Shim Kimchi Ramen Big Bowl 112g,$3.40 ,$3.04 / 100G,/shop/productdetails/66928/nong-shim-kimchi-ramen-big-bowl
217601,Sirena Fried Rice With Chicken 190g,$4.30 ,$2.26 / 100G,/shop/productdetails/217601/sirena-fried-rice-with-chicken
254990,Tilda Jasmine Rice 1kg,$6.95 ,$0.70 / 100G,/shop/productdetails/254990/tilda-jasmine-rice
246610,Woolworths Cooking Chocolate Dark 200g,$2.50 ,$1.25 / 100G,/shop/productdetails/246610/woolworths-cooking-chocolate-dark
1073777099,Bragg Seasoning Nutritional Yeast 127g,$19.95 ,$79.80 / 1L,/shop/productdetails/1073777099/bragg-seasoning-nutritional-yeast-127g
208445,Carman's Rolled Australian Oats 1kg,$6.00 ,$0.60 / 100G,/shop/productdetails/208445/carman-s-rolled-australian-oats
135573,Farmers Harvest Sunflower Oil 4l,$36.00 ,$0.90 / 100ML,/shop/productdetails/135573/farmers-harvest-sunflower-oil
223714,Freedom Active Balance Fruit & Seeds Muesli Cereal 500g,$7.50 ,$1.50 / 100G,/shop/productdetails/223714/freedom-active-balance-fruit-seeds-muesli-cereal
142986,Green's Temptations Supreme Chocolate Cake Mix 630g,$5.00 ,$0.79 / 100G,/shop/productdetails/142986/green-s-temptations-supreme-chocolate-cake-mix
1073750681,Wiltshire Cookie Dough Scoop,$19.00 ,$19.00 / 1EA,/shop/productdetails/1073750681/wiltshire-cookie-dough-scoop
248288,Ben's Original Lightly Flavoured Lime Rice 250g,$3.00 ,$1.20 / 100G,/shop/productdetails/248288/ben-s-original-lightly-flavoured-lime-rice
373041,Capilano 100% Pure Australian Honey Non Active Manuka Squeeze 340g,$7.60 ,$2.24 / 100G,/shop/productdetails/373041/capilano-100-pure-australian-honey-non-active-manuka-squeeze
243862,Cobram Estate Garlic & Chilli Oil 250ml,$7.70 ,$3.08 / 100ML,/shop/productdetails/243862/cobram-estate-garlic-chilli-oil
753333,Katoomba Whole Black Urid 1kg,$4.00 ,$0.40 / 100G,/shop/productdetails/753333/katoomba-whole-black-urid
687035,Nescafe Gold Orginal Soluble Instant Coffee 100g,$11.50 ,$11.50 / 100G,/shop/productdetails/687035/nescafe-gold-orginal-soluble-instant-coffee
774154,Queen Writing Icing 5 Pack,$5.25 ,$5.00 / 100G,/shop/productdetails/774154/queen-writing-icing
698863,Woolworths Classic Olive Oil Spanish Classic 1l,$11.00 ,$1.10 / 100ML,/shop/productdetails/698863/woolworths-classic-olive-oil-spanish-classic
260055,Kellogg's Nutri-grain Choc Malt Flavour Breakfast Cereal 435g,$9.00 ,$2.07 / 100G,/shop/productdetails/260055/kelloggs-nutri-grain-choc-malt-flavour-breakfast-cereal
218843,Maggi Dry Recipe Bases Indian Style Mild Korma Curry 35g,$1.75 ,$4.61 / 100G,/shop/productdetails/218843/maggi-dry-recipe-bases-indian-style-mild-korma-curry
97745,Moro Olive Oil 1l,$18.00 ,$1.80 / 100ML,/shop/productdetails/97745/moro-olive-oil
520203,Paldo Dosirac Hot Spicy Noodles King Cup 110g,,,/shop/productdetails/520203/paldo-dosirac-hot-spicy-noodles-king-cup
237866,Pana Organic Crunchy Hazelnut Chocolate Spread 200g,$7.00 ,$3.50 / 100G,/shop/productdetails/237866/pana-organic-crunchy-hazelnut-chocolate-spread
754150,Pilsbury Wheat Flour 5kg,$15.00 ,$0.30 / 100G,/shop/productdetails/754150/pilsbury-wheat-flour
224616,Freedom Active Balance Maple & Almond Multigrain Flakes Cereal 400g,$7.50 ,$1.88 / 100G,/shop/productdetails/224616/freedom-active-balance-maple-almond-multigrain-flakes-cereal
161742,Grinders Rich Espresso Beans Rainforest Alliance Certified 1kg,$28.00 ,$2.80 / 100G,/shop/productdetails/161742/grinders-rich-espresso-beans-rainforest-alliance-certified
684011,Lao Gan Ma Chili In Oil 210g,$4.30 ,$2.05 / 100G,/shop/productdetails/684011/lao-gan-ma-chili-in-oil
381343,Laucke Pizza & Focaccia Dough Mix 1kg,$6.80 ,$6.80 / 1KG,/shop/productdetails/381343/laucke-pizza-focaccia-dough-mix
38986,White Wings Pavlova Magic Mix Egg 125g,$4.30 ,$3.44 / 100G,/shop/productdetails/38986/white-wings-pavlova-magic-mix-egg
159019,Airborne Manuka Honey Upside Down 500g,$8.00 ,$1.60 / 100G,/shop/productdetails/159019/airborne-manuka-honey-upside-down
733667,Be Natural Breakfast Cereal With Pink Lady Apple & Flame Raisins 405g,$4.80 ,$1.19 / 100G,/shop/productdetails/733667/be-natural-breakfast-cereal-with-pink-lady-apple-flame-raisins
673015,Kimura Ramune Lemonade 200ml,$3.00 ,$1.50 / 100ML,/shop/productdetails/673015/kimura-ramune-lemonade
703743,Nescafe Gold Smooth Instant Coffee 180g,$15.00 ,$8.33 / 100G,/shop/productdetails/703743/nescafe-gold-smooth-instant-coffee
142137,Cadbury Caramilk Baking Chips 260g,$6.00 ,$2.31 / 100G,/shop/productdetails/142137/cadbury-caramilk-baking-chips
237082,Caravan Foods Salad Topper Amazing Asian 80g,$4.00 ,$5.00 / 100G,/shop/productdetails/237082/caravan-foods-salad-topper-amazing-asian
803883,Haday Yellow Soy Bean Paste 340g,$3.00 ,$0.88 / 100G,/shop/productdetails/803883/haday-yellow-soy-bean-paste
221028,Lavazza Espresso Intenso Nespresso Compatible Coffee Capsules 10 Pack,$4.14 ,$0.41 / 1EA,/shop/productdetails/221028/lavazza-espresso-intenso-nespresso-compatible-coffee-capsules
791680,Maggi 2 Minute Wholegrain Beef Flavour Instant Noodles 5 Pack,$5.00 ,$1.49 / 100G,/shop/productdetails/791680/maggi-2-minute-wholegrain-beef-flavour-instant-noodles
683029,Okf Aloe Vera Drink 1.5l,$5.15 ,$0.34 / 100ML,/shop/productdetails/683029/okf-aloe-vera-drink
815878,Woolworths Uncrystallised Ginger 150g,$2.85 ,$19.00 / 1KG,/shop/productdetails/815878/woolworths-uncrystallised-ginger
789822,Always Fresh Olives Parmesan Stuffed 235g,$6.00 ,$25.53 / 1KG,/shop/productdetails/789822/always-fresh-olives-parmesan-stuffed
59525,Buderim Ginger Bears 175g,$5.50 ,$31.43 / 1KG,/shop/productdetails/59525/buderim-ginger-ginger-bears
754842,Katoomba Urid Dal 1kg,$4.50 ,$0.45 / 100G,/shop/productdetails/754842/katoomba-urid-dal
482811,Mama Instant Noodles Jumbo Pack Pork Flavour 90g,$1.40 ,$1.56 / 100G,/shop/productdetails/482811/mama-instant-noodles-jumbo-pack-pork-flavour
57242,Angas Park Fruit Mix Salad 500g,$10.00 ,$20.00 / 1KG,/shop/productdetails/57242/angas-park-fruit-mix-salad
59315,Buderim Dark Chocolate Coated Ginger 150g,$5.20 ,$34.67 / 1KG,/shop/productdetails/59315/buderim-ginger-dark-chocolate-coated-ginger
171110,Maggie Beer Chunky Mushroom Finishing Sauce 170g,$4.75 ,$2.79 / 100G,/shop/productdetails/171110/maggie-beer-chunky-mushroom-finishing-sauce
662589,Queen Roses Icing Decorations 16 Pack,$3.70 ,$23.13 / 100G,/shop/productdetails/662589/queen-roses-icing-decorations
193685,Ulker Chocolate Pistachio 65g,$5.20 ,$8.00 / 100G,/shop/productdetails/193685/ulker-chocolate-pistachio
276707,Australia's Own Lower Cholesterol Milk 1l,$2.90 ,$2.90 / 1L,/shop/productdetails/276707/australia-s-own-lower-cholesterol-milk
622040,Baxter's Fig & Date Balsamic Chutney 235g,$4.70 ,$2.00 / 100G,/shop/productdetails/622040/baxter-s-fig-date-balsamic-chutney
102301,Fix & Fogg Peanut Butter Super Crunchy 750g,$9.90 ,$1.32 / 100G,/shop/productdetails/102301/fix-and-fogg-fix-fogg-peanut-butter-super-crunchy
81660,Green Leaf Bbq Rice Wheels 300g,$5.40 ,$1.80 / 100G,/shop/productdetails/81660/green-leaf-bbq-rice-wheels
108467,Lucky Slivered Almonds 230g,$8.00 ,$34.78 / 1KG,/shop/productdetails/108467/lucky-slivered-almonds
856776,S&b Miso Soup Aka 30g,$4.20 ,$14.00 / 100G,/shop/productdetails/856776/s-b-miso-soup-aka
362262,Coca-cola Cherry 330ml,$3.15 ,$0.95 / 100ML,/shop/productdetails/362262/coca-cola-cherry
279785,Raw Earth Brown Stevia 200g,$5.00 ,$2.50 / 100G,/shop/productdetails/279785/raw-earth-brown-stevia
223415,Vittoria Coffee Decaffinated Coffee Beans 500g,$25.00 ,$5.00 / 100G,/shop/productdetails/223415/vittoria-coffee-decaffinated-coffee-beans
1073750443,Wiltshire Cake Turntable,$20.00 ,$20.00 / 1EA,/shop/productdetails/1073750443/wiltshire-cake-turntable
71795,Bertolli Organic Extra Virgin Olive Oil Spray 132g,$5.50 ,$4.17 / 100G,/shop/productdetails/71795/bertolli-organic-extra-virgin-olive-oil-spray
164309,Bull's-eye Chilli Hot Sauce Louisiana Style Chipotle Cajun Spices 135ml,$4.75 ,$3.52 / 100ML,/shop/productdetails/164309/bull-s-eye-chilli-hot-sauce-louisiana-style-chipotle-cajun-spices
867026,Carman's 5 Grain & Seed Granola Pink Lady Apple & Blueberry 450g,$7.50 ,$1.67 / 100G,/shop/productdetails/867026/carman-s-5-grain-seed-granola-pink-lady-apple-blueberry
55432,Angas Park Fruit Mix Medley 375g,$9.00 ,$24.00 / 1KG,/shop/productdetails/55432/angas-park-fruit-mix-medley
158974,Caffe Aurora Italian Blend Coffee Beans 1kg,$19.00 ,$1.90 / 100G,/shop/productdetails/158974/caff-aurora-italian-blend-coffee-beans
679383,Mayver's Smunchy Protein Plus 5 Seeds Peanut Butter 375g,$6.50 ,$1.73 / 100G,/shop/productdetails/679383/mayver-s-smunchy-protein-plus-5-seeds-peanut-butter
60611,Bega Simply Nuts Crunchiest Peanut Butter 325g,$4.40 ,$1.35 / 100G,/shop/productdetails/60611/bega-simply-nuts-crunchiest-peanut-butter
242421,Cobram Estate Garlic & Onion Extra Virgin Olive Oil 500ml,$12.00 ,$2.40 / 100ML,/shop/productdetails/242421/cobram-estate-garlic-onion-extra-virgin-olive-oil
304207,Harbour Foods Whole Wheat Biscuits 430g,$8.90 ,$2.07 / 100G,/shop/productdetails/304207/harbour-foods-whole-wheat-biscuits
214782,Lakanto Monkfruit Nas Vanilla Bakers Syrup 300ml,$8.00 ,$2.67 / 100ML,/shop/productdetails/214782/lakanto-monkfruit-nas-vanilla-bakers-syrup
355478,Masterfoods All Purpose Pepper Seasoning 50g,$3.30 ,$0.66 / 10G,/shop/productdetails/355478/masterfoods-all-purpose-pepper-seasoning
258261,Old Bay Seasoning 75g,$4.50 ,$0.60 / 10G,/shop/productdetails/258261/old-bay-seasoning
754525,Aeroplane Natural Colours & Flavours Blackcurrant Flavoured Jelly 85g,$1.40 ,$1.65 / 100G,/shop/productdetails/754525/aeroplane-natural-colours-flavours-blackcurrant-flavoured-jelly
845906,Bega Simply Nuts Crunchy 325g,$4.40 ,$1.35 / 100G,/shop/productdetails/845906/bega-simply-nuts-crunchy
148873,Hubbards Raspberry & Cacao Toasted Clusters 450g,$7.50 ,$1.67 / 100G,/shop/productdetails/148873/hubbards-raspberry-cacao-toasted-clusters
170141,Maggie Beer Rich & Thick Gravy Finishing Sauce 170g,$4.75 ,$2.79 / 100G,/shop/productdetails/170141/maggie-beer-rich-thick-gravy-finishing-sauce
36434,Plumrose Ham Leg 450g,$14.00 ,$31.11 / 1KG,/shop/productdetails/36434/plumrose-ham-leg
222371,Sirena Vegetarian Ready To Eat Napoli Pasta 190g,$4.30 ,$2.26 / 100G,/shop/productdetails/222371/sirena-vegetarian-ready-to-eat-napoli-pasta
93090,Barkers Passionfruit Curd 400g,$6.30 ,$1.58 / 100G,/shop/productdetails/93090/barker-s-passionfruit-curd
748414,Bega Peanut Butter No Added Sugar Or Salt Crunchy 325g,$4.40 ,$1.35 / 100G,/shop/productdetails/748414/bega-peanut-butter-no-added-sugar-or-salt-crunchy
819033,Cocolife Avocado Oil Spray 150ml,$6.00 ,$4.00 / 100ML,/shop/productdetails/819033/cocolife-avocado-oil-spray
95682,Lavazza Qualita Oro Ground Coffee 250g,$6.30 ,$2.52 / 100G,/shop/productdetails/95682/lavazza-qualita-oro-ground-coffee
193648,Macro Organic Caramelised Onion Relish 250g,$5.00 ,$2.00 / 100G,/shop/productdetails/193648/macro-organic-caramelised-onion-relish
1074032820,McCormick Grill Mates Montreal Steak Seasoning 800g x 2,$44.99 ,$22.50 / 1EA,/shop/productdetails/1074032820/mccormick-grill-mates-montreal-steak-seasoning-800g-x-2
829195,Mogu Mogu Drink Mango 320ml,,,/shop/productdetails/829195/mogu-mogu-drink-mango
212138,Nescafe Blend 43 Espresso Soluble Instant Coffee 300g,$17.40 ,$5.80 / 100G,/shop/productdetails/212138/nescafe-blend-43-espresso-soluble-instant-coffee
677966,Woolworths Great Start Iron Cereal 400g,$3.50 ,$0.88 / 100G,/shop/productdetails/677966/woolworths-great-start-iron-cereal
175671,Coco Earth Organic Liquid Coconut Premium Oil Mct 100% Pure 250ml,$8.50 ,$3.40 / 100ML,/shop/productdetails/175671/coco-earth-organic-liquid-coconut-premium-oil-mct-100-pure
182725,Dollar Sweets Vanilla Bean Paste 95g,$7.50 ,$7.89 / 100G,/shop/productdetails/182725/dollar-sweets-vanilla-bean-paste
829495,Grinders Coffee Capsules Espresso Caffitaly System 10 Pack,$8.00 ,$0.80 / 1EA,/shop/productdetails/829495/grinders-coffee-capsules-espresso-caffitaly-system
603805,L'or Espresso Onyx Intensity 12 Coffee Capsules 10 Pack,$5.50 ,$0.55 / 1EA,/shop/productdetails/603805/l-or-espresso-onyx-intensity-12-coffee-capsules
279848,Maggie Beer Red Wine Finishing Sauce 170g,$4.75 ,$2.79 / 100G,/shop/productdetails/279848/maggie-beer-red-wine-finishing-sauce
820039,Mckenzie's Oat Flour 250g,$4.00 ,$1.60 / 100G,/shop/productdetails/820039/mckenzie-s-oat-flour
47190,Mrs H.s.ball's Chutney Original 470g,$5.75 ,$12.23 / 1KG,/shop/productdetails/47190/mrs-h-s-ball-s-chutney-original
233817,Praise Goodness Mayo Whole Egg With Chilli 250ml,$2.75 ,$1.10 / 100ML,/shop/productdetails/233817/praise-goodness-mayo-whole-egg-with-chilli
153261,"Blue Frog Macadamia, Almond & Manuka Honey Muesli 350g",$14.75 ,$4.21 / 100G,/shop/productdetails/153261/blue-frog-macadamia-almond-manuka-honey-muesli
785164,Creative Kitchen Ready To Roll Coloured Fondant Multipack 500g,$8.50 ,$1.70 / 100G,/shop/productdetails/785164/creative-kitchen-ready-to-roll-coloured-fondant-multipack
149331,Hubbards Vanilla & Almond Toasted Clusters 450g,$7.50 ,$1.67 / 100G,/shop/productdetails/149331/hubbards-vanilla-almond-toasted-clusters
238383,Masterfoods Creamy Buffalo No Rules Sauce 250ml,$4.80 ,$1.92 / 100ML,/shop/productdetails/238383/masterfoods-creamy-buffalo-no-rules-sauce
137656,Plenty Cold Pressed Macadamia Oil 375ml,$9.00 ,$2.40 / 100ML,/shop/productdetails/137656/plenty-cold-pressed-macadamia-oil
1073865709,San Elk Certified Organic Low FODMAP Vegetable Stock 160g,$11.85 ,$0.74 / 10G,/shop/productdetails/1073865709/san-elk-certified-organic-low-fodmap-vegetable-stock-160g
20245,Ayam Organic Soy 210ml,$6.00 ,$2.86 / 100ML,/shop/productdetails/20245/ayam-organic-soy
39891,Branston Pickle 310g,$5.60 ,$18.06 / 1KG,/shop/productdetails/39891/branston-pickle
193680,Maggi Chicken Stock Cubes 72g,$1.50 ,$2.08 / 100G,/shop/productdetails/193680/maggi-chicken-stock-cubes
114379,Nando's Lemon & Herb Bag & Bake Spice Seasoning 20g,$3.50 ,$1.75 / 10G,/shop/productdetails/114379/nando-s-lemon-herb-bag-bake-spice-seasoning
90629,Nong Shim Onion Rings Onion Rig 50g,$2.20 ,$4.40 / 100G,/shop/productdetails/90629/nong-shim-onion-rings-onion-rig
190464,Queen Finest Peppermint Natural Extract Intense Flavour 50ml,$2.50 ,$5.00 / 100ML,/shop/productdetails/190464/queen-finest-peppermint-natural-extract-intense-flavour
143254,The Healthy Baker Protein Pancake Mix 400g,$6.00 ,$1.50 / 100G,/shop/productdetails/143254/the-healthy-baker-protein-pancake-mix
242256,Delicious Salted Caramel Sauce 200g,$8.00 ,$4.00 / 100G,/shop/productdetails/242256/delicious-salted-caramel-sauce
222482,Lavazza Espresso Classico Nespresso Compatible Coffee Capsules 10 Pack,$4.14 ,$0.41 / 1EA,/shop/productdetails/222482/lavazza-espresso-classico-nespresso-compatible-coffee-capsules
280417,Mingle Sri Lankan Coconut Turmeric Curry 30g,$1.95 ,$6.50 / 100G,/shop/productdetails/280417/mingle-sri-lankan-coconut-turmeric-curry
94473,Sacred Grounds Breezy Blend Ground Coffee 200g,$9.00 ,$4.50 / 100G,/shop/productdetails/94473/sacred-grounds-breezy-blend-ground-coffee
1073961039,Zappo Giant Zappomungus Showbag,$24.00 ,,/shop/productdetails/1073961039/zappo-giant-zappomungus-showbag
1073962761,Zhongxing Sushi Rice 5kg,$31.49 ,$0.63 / 100G,/shop/productdetails/1073962761/zhongxing-sushi-rice-5kg
68047,Carbonell Original Olive Oil 3l,$29.00 ,$0.97 / 100ML,/shop/productdetails/68047/carbonell-original-olive-oil
827339,Green's Cookies & Cream Cupcakes Mix 380g,$5.00 ,$1.32 / 100G,/shop/productdetails/827339/green-s-cookies-cream-cupcakes-mix
1074051285,Lik Maid Fun Dip Sour Candy Strawberry/Watermelon/Mystery Dip 24pc,$67.00 ,$67.00 / 1EA,/shop/productdetails/1074051285/lik-maid-fun-dip-sour-candy-strawberry-watermelon-mystery-dip-24pc
433281,Maharajah's Choice Fennel Seed Spice 250g,$2.50 ,$0.10 / 10G,/shop/productdetails/433281/maharajah-s-choice-fennel-seed-spice
94998,Moro Olive Oil 4l,$43.00 ,$1.08 / 100ML,/shop/productdetails/94998/moro-olive-oil
1074027179,Samyang Super Spicy Turkey Noodle 140g*5bag/pack?X 2Pack,$25.69 ,$1.84 / 100G,/shop/productdetails/1074027179/samyang-super-spicy-turkey-noodle-140g-5bag-pack-x-2pack
202907,Kohinoor Exotic Basmati Rice 5kg,$26.00 ,$0.52 / 100G,/shop/productdetails/202907/kohinoor-exotic-basmati-rice
214141,L'or Espresso Vanilla Capsules 10 Pack,$5.50 ,$0.55 / 1EA,/shop/productdetails/214141/l-or-espresso-vanilla-capsules
802417,Maharajah's Choice Garam Masala 250g,$3.25 ,$1.30 / 100G,/shop/productdetails/802417/maharajah-s-choice-garam-masala
210611,Mckenzie's Five Bean Mix 375g,$2.30 ,$0.61 / 100G,/shop/productdetails/210611/mckenzie-s-five-bean-mix
683100,Ayam Vegetarian Oyster Sauce 210ml,$4.00 ,$1.90 / 100ML,/shop/productdetails/683100/ayam-vegetarian-oyster-sauce
272313,Carman's Low Carb Granola Peanut Butter 425g,$6.90 ,$1.62 / 100G,/shop/productdetails/272313/carman-s-low-carb-granola-peanut-butter
279900,Green's Traditional Anzac Biscuits 350g,$2.50 ,$0.71 / 100G,/shop/productdetails/279900/green-s-traditional-anzac-biscuits
483609,Grinders Coffee Capsules Double Espresso Caffitaly System 10 Pack,$8.00 ,$0.80 / 1EA,/shop/productdetails/483609/grinders-coffee-capsules-double-espresso-caffitaly-system
798354,Maharajah's Choice Cumin Seed 250g,$3.00 ,$1.20 / 100G,/shop/productdetails/798354/maharajah-s-choice-cumin-seed
164651,Nature Nate's Raw & Unfiltered Honey 1kg,$17.00 ,$1.70 / 100G,/shop/productdetails/164651/nature-nate-s-raw-unfiltered-honey
85691,Green's Temptations Chocolate Cupcake Mix 450g,$5.00 ,$1.11 / 100G,/shop/productdetails/85691/green-s-temptations-chocolate-cupcake-mix
122172,Nando's Extra Bloody Hot Peri-peri Chilli Sauce 250g,$6.80 ,$2.72 / 100G,/shop/productdetails/122172/nando-s-extra-bloody-hot-peri-peri-chilli-sauce
242153,Rowntrees Fruit Gums Bag 150g,$4.50 ,$3.00 / 100G,/shop/productdetails/242153/rowntrees-fruit-gums-bag
243904,Arnold's Farm Clusters Cocoa Cookie Crumble 700g,$5.00 ,$0.71 / 100G,/shop/productdetails/243904/arnold-s-farm-clusters-cocoa-cookie-crumble
143217,Green's Temptations Cinnamon Donut Pancake Shake 325g,$5.00 ,$1.54 / 100G,/shop/productdetails/143217/green-s-temptations-cinnamon-donut-pancake-shake
142331,Lakanto Monkfruit Pancake Mix Low Carb Protein 99% Sugar-free 200g,$7.00 ,$3.50 / 100G,/shop/productdetails/142331/lakanto-monkfruit-pancake-mix-low-carb-protein-99-sugar-free
225951,Mood Peppermint & Passionflower Tea 10 Pack,$5.50 ,$0.55 / 1EA,/shop/productdetails/225951/mood-peppermint-passionflower-tea
95826,Sacred Grounds Single Origin Peru Ground Coffee 200g,$9.00 ,$4.50 / 100G,/shop/productdetails/95826/sacred-grounds-single-origin-peru-ground-coffee
219575,Sirena Brown Rice & Quinoa With Chicken 190g,$4.30 ,$2.26 / 100G,/shop/productdetails/219575/sirena-brown-rice-quinoa-with-chicken
150330,Woolworths Coconut And Lime Red Curry Sauce 150g,$1.75 ,$1.17 / 100G,/shop/productdetails/150330/woolworths-coconut-and-lime-red-curry-sauce
147615,Woolworths Roasted & Diced Almonds 150g,$4.00 ,$26.67 / 1KG,/shop/productdetails/147615/woolworths-roasted-diced-almonds
754480,Aeroplane Jelly Lite Lemon Flavour Low Calorie Jelly Crystals 2x9g,$2.00 ,$11.11 / 100G,/shop/productdetails/754480/aeroplane-jelly-lite-lemon-flavour-low-calorie-jelly-crystals
293543,Alfa One Rice Bran Oil 1l,$9.00 ,$0.90 / 100ML,/shop/productdetails/293543/alfa-one-rice-bran-oil
147762,Dollar Sweets Artificial Food Colours 8 Pack,$6.00 ,$0.75 / 10ML,/shop/productdetails/147762/dollar-sweets-artificial-food-colours
829319,Espressotoria Espressotoria Mountain Grown Coffee Capsules 12 Pack,$6.00 ,$0.50 / 1EA,/shop/productdetails/829319/espressotoria-mountain-grown-coffee-capsules
467387,Fehlbergs European Style Dill Pickled Cucumbers 680g,$4.40 ,$6.47 / 1KG,/shop/productdetails/467387/fehlbergs-european-style-dill-pickled-cucumbers
1073908323,Hostess Twinkies Pack 2x 10pc 385g,$32.00 ,$1.60 / 1EA,/shop/productdetails/1073908323/hostess-twinkies-pack-2x-10pc-385g
216858,Orgran Gluten Free Pasta Garden Veggie Spirals 300g,$3.00 ,$1.00 / 100G,/shop/productdetails/216858/orgran-gluten-free-pasta-garden-veggie-spirals
225619,Pukka Peace Organic Tea 20 Pack,$8.25 ,$0.41 / 1EA,/shop/productdetails/225619/pukka-peace-organic-tea
238029,Lee Kum Kee Oyster Stir Fry Sauce 255g,$3.10 ,$1.22 / 100G,/shop/productdetails/238029/lee-kum-kee-oyster-stir-fry-sauce
687063,Nescafe Gold Decaffeinated Instant Coffee 100g,$13.50 ,$13.50 / 100G,/shop/productdetails/687063/nescafe-gold-decaffeinated-instant-coffee
46607,Podravka Beef Goulash 300g,$4.50 ,$15.00 / 1KG,/shop/productdetails/46607/podravka-beef-goulash
147533,Dollar Sweets Striped Party Pans Small Assorted 100 Pack,$3.00 ,$0.03 / 1EA,/shop/productdetails/147533/dollar-sweets-striped-party-pans-small-assorted
202334,El Cielo White Corn Tortillas Light 10 Pack,$8.00 ,$3.08 / 100G,/shop/productdetails/202334/el-cielo-white-corn-tortillas-light
823643,Mckenzies White Beans 375g,$2.30 ,$0.61 / 100G,/shop/productdetails/823643/mckenzies-white-beans
773763,Dollar Sweets Cake Decoration Fairy Toppings 145g,$6.00 ,$4.14 / 100G,/shop/productdetails/773763/dollar-sweets-cake-decoration-fairy-toppings
181979,Dollar Sweets Striped Party Cups 18 Pack,$3.50 ,$0.19 / 1EA,/shop/productdetails/181979/dollar-sweets-striped-party-cups
150532,Hubbards Pomegranate & Blueberry Toasted Muesli 450g,$4.50 ,$1.00 / 100G,/shop/productdetails/150532/hubbards-pomegranate-blueberry-toasted-muesli
698019,Macro Australian Whole Grain Freekeh 500g,$7.00 ,$1.40 / 100G,/shop/productdetails/698019/macro-australian-whole-grain-freekeh
687036,Nescafe Gold Intense Soluble Instant Coffee 200g,$15.00 ,$7.50 / 100G,/shop/productdetails/687036/nescafe-gold-intense-soluble-instant-coffee
188643,Nestle Plaistowe White Chocolate Baking Block 180g,$3.50 ,$1.94 / 100G,/shop/productdetails/188643/nestle-plaistowe-white-chocolate-baking-block
743683,Queen Natural Food Colouring Rainbow 7ml X4 Pack,$7.75 ,$2.77 / 10ML,/shop/productdetails/743683/queen-natural-food-colouring-rainbow
929292,Always Fresh Medi French Duck Fat 200g,$12.00 ,$6.00 / 100G,/shop/productdetails/929292/always-fresh-medi-french-duck-fat
1074032852,Dollar Sweets 100's and 1000's Sprinkles 1150g,$29.99 ,$2.61 / 100G,/shop/productdetails/1074032852/dollar-sweets-100-s-and-1000-s-sprinkles-1150g
948513,Gourmet Garden Paste Italian 80g,$4.00 ,$5.00 / 100G,/shop/productdetails/948513/gourmet-garden-paste-italian
800489,Jarrah Salted Caramel Latte Instant Coffee 250g,$7.50 ,$3.00 / 100G,/shop/productdetails/800489/jarrah-salted-caramel-latte-instant-coffee
221858,Lavazza Crema E Gusto Nespresso Compatible Coffee Capsules 10 Pack,$4.14 ,$0.41 / 1EA,/shop/productdetails/221858/lavazza-crema-e-gusto-nespresso-compatible-coffee-capsules
840618,Masterfoods Chilli Con Carne Recipe Base 170g,$2.80 ,$1.75 / 100G,/shop/productdetails/840618/masterfoods-chilli-con-carne-recipe-base
208976,Well & Good Gluten Free Choc Fudge Brownie Mix 400g,$6.50 ,$1.63 / 100G,/shop/productdetails/208976/well-good-gluten-free-choc-fudge-brownie-mix
36375,Always Fresh Cucumbers Polish Ogor 680g,$4.60 ,$6.76 / 1KG,/shop/productdetails/36375/always-fresh-cucumbers-polish-ogor
89783,Beerenberg One Pot Mexican 240ml,$6.50 ,$2.71 / 100ML,/shop/productdetails/89783/beerenberg-one-pot-mexican
242333,Delicious Hazelnut Chocolate Sauce 200g,$8.00 ,$4.00 / 100G,/shop/productdetails/242333/delicious-hazelnut-chocolate-sauce
239301,Green's Temptations Strawberry Mousse Mix 185g,$5.00 ,$2.70 / 100G,/shop/productdetails/239301/green-s-temptations-strawberry-mousse-mix
234173,Praise Goodness Mayo Traditional 250ml,$5.50 ,$2.20 / 100ML,/shop/productdetails/234173/praise-goodness-mayo-traditional
222486,The Rice Company Red Rice 500g,$4.80 ,$0.96 / 100G,/shop/productdetails/222486/trc-red-rice-500g-the-rice-company-red-rice
1073927480,Cadbury Chocolate Twirl 42pc 58g,$85.00 ,$202.38 / 100EA,/shop/productdetails/1073927480/cadbury-chocolate-twirl-42pc-58g
922530,Carman's Super Berry Muesli Blueberry & Goji Muesli 500g,$6.90 ,$1.38 / 100G,/shop/productdetails/922530/carman-s-super-berry-muesli-blueberry-goji-muesli
198995,Chi Chi Forest Milk Tea Classic 450ml,$2.00 ,$0.44 / 100ML,/shop/productdetails/198995/chi-forest-milk-tea-classic
224782,Freedom Classic Honey-o Crunch Cereal 360g,$6.80 ,$1.89 / 100G,/shop/productdetails/224782/freedom-classic-honey-o-crunch-cereal
856995,Green's Buttermilk Crepe Shake 300g,$3.50 ,$1.17 / 100G,/shop/productdetails/856995/green-s-buttermilk-crepe-shake
687775,L'or Espresso Lungo Estremo Intensity 10 Coffee Capsules 10 Pack,$5.50 ,$0.55 / 1EA,/shop/productdetails/687775/l-or-espresso-lungo-estremo-intensity-10-coffee-capsules
86917,Lavazza Qualita Oro Ground Coffee 500g,$12.00 ,$2.40 / 100G,/shop/productdetails/86917/lavazza-qualita-oro-ground-coffee
259270,Mingle All Natural Seasoning Pizza 35g,$3.95 ,$1.13 / 10G,/shop/productdetails/259270/mingle-all-natural-seasoning-pizza
242357,No Nasties Fruity 50% Less Sugar Fruity Loops Cereal 285g,$4.30 ,$1.51 / 100G,/shop/productdetails/242357/no-nasties-fruity-50-less-sugar-fruity-loops-cereal
645586,Podravka Liver Paste 95g,$2.45 ,$2.58 / 100G,/shop/productdetails/645586/podravka-liver-paste
465062,Always Fresh Roasted Peppers Whole 330g,$5.50 ,$16.67 / 1KG,/shop/productdetails/465062/always-fresh-roasted-peppers-whole
184975,Arnold's Farm Clusters Vanilla Almond 700g,$5.00 ,$0.71 / 100G,/shop/productdetails/184975/arnold-s-farm-clusters-vanilla-almond
209638,Dollar Sweets Colourful Candles 16 Pack,$3.00 ,$0.19 / 1EA,/shop/productdetails/209638/dollar-sweets-colourful-candles
123986,Katoomba Ghee 700g,$14.00 ,$2.00 / 100G,/shop/productdetails/123986/katoomba-ghee
100330,Marion's Kitchen Thai Massaman Curry Cooking Kit 309g,$8.50 ,$2.75 / 100G,/shop/productdetails/100330/marion-s-kitchen-thai-massaman-curry-cooking-kit
92154,Masterfoods Garlic Pepper 50g,$3.70 ,$0.74 / 10G,/shop/productdetails/92154/masterfoods-garlic-pepper
190100,Woolworths Plantitude Mexican Burrito Bowl With Jackfruit & Rice 350g,$5.00 ,$1.43 / 100G,/shop/productdetails/190100/woolworths-plantitude-mexican-burrito-bowl-with-jackfruit-rice
9214,Always Fresh Organic Kalamata Pitted Olives 220g,$6.50 ,$29.55 / 1KG,/shop/productdetails/9214/always-fresh-organic-kalamata-pitted-olives
210066,Dollar Sweets Unbleached Muffin Wraps 36 Pack,$5.00 ,$0.14 / 1EA,/shop/productdetails/210066/dollar-sweets-unbleached-muffin-wraps
307799,Green's Pink Cupcakes Mix 490g,$5.00 ,$1.02 / 100G,/shop/productdetails/307799/green-s-pink-cupcakes-mix
604174,L'or Espresso Colombia Intensity 8 Coffee Capsules 10 Pack,$5.50 ,$0.55 / 1EA,/shop/productdetails/604174/l-or-espresso-colombia-intensity-8-coffee-capsules
100340,Marion's Kitchen Cashew Chicken Cooking Kit 330g,$8.50 ,$2.58 / 100G,/shop/productdetails/100340/marion-s-kitchen-cashew-chicken-cooking-kit
234315,Praise Pasta Salad Dressing 330ml,$3.00 ,$0.91 / 100ML,/shop/productdetails/234315/praise-pasta-salad-dressing
222907,Vittoria Coffee Limited Edition Fashion Series Capsules 20 Pack,$13.00 ,$0.65 / 1EA,/shop/productdetails/222907/vittoria-coffee-limited-edition-fashion-series-capsules
182816,Woolworths Beef Flavoured Gravy 200g,$3.00 ,$1.50 / 100G,/shop/productdetails/182816/woolworths-beef-flavoured-gravy
189287,Bubbleme Bubble Tea Brown Sugar Flavour 470ml,$2.50 ,$0.53 / 100ML,/shop/productdetails/189287/bubbleme-bubble-tea-brown-sugar-flavour
700136,Avalanche 99% Sugar Free Caramel Latte 10 Pack,$4.40 ,$0.44 / 1EA,/shop/productdetails/700136/avalanche-99-sugar-free-caramel-latte
237080,Bonne Maman Apricot Spread 335g,$6.95 ,$2.07 / 100G,/shop/productdetails/237080/bonne-maman-apricot-spread
35051,Delta Chicco D'oro Ground Coffee 200g,$3.50 ,$1.75 / 100G,/shop/productdetails/35051/delta-chicco-d-oro-ground-coffee
540885,Three Threes Peppered Pickled Onions 500g,$4.50 ,$9.00 / 1KG,/shop/productdetails/540885/three-threes-peppered-pickled-onions
225069,Beerenberg Chicken Chorizo Paella 240ml,$6.50 ,$2.71 / 100ML,/shop/productdetails/225069/beerenberg-chicken-chorizo-paella
789815,"Beerenberg Mango, Lime & Chilli Dressing 300ml",$6.00 ,$2.00 / 100ML,/shop/productdetails/789815/beerenberg-mango-lime-chilli-dressing
807415,Double Pheonix Dongguan Rice Stick 400g,$2.25 ,$0.56 / 100G,/shop/productdetails/807415/double-pheonix-dongguan-rice-stick
591456,Goulburn Valley Peaches In Juice  Fruit Cups 2 X 170g,$4.50 ,$13.24 / 1KG,/shop/productdetails/591456/goulburn-valley-peaches-in-juice-fruit-cups-in-juice
92404,Laucke Crusty White Bread Mix 5kg,$20.00 ,$4.00 / 1KG,/shop/productdetails/92404/laucke-crusty-white-bread-mix
58798,Mary Mack's Instant Batter Mix 150g,$2.50 ,$0.17 / 10G,/shop/productdetails/58798/mary-mack-s-instant-batter-mix
129624,Maya Kaimal Spicy Vindaloo Indian Simmer Sauce 354g,$12.95 ,$3.66 / 100G,/shop/productdetails/129624/maya-kaimal-spicy-vindaloo-indian-simmer-sauce
233611,Praise Goodness Mayo Whole Egg 250ml,$5.50 ,$2.20 / 100ML,/shop/productdetails/233611/praise-goodness-mayo-whole-egg
82983,Katoomba Popcorn Kernels 1kg,$3.30 ,$0.33 / 100G,/shop/productdetails/82983/katoomba-popcorn-kernels
750089,Mama Pho Bo Beef Rice Noodle Bowl 65g,$4.00 ,$6.15 / 100G,/shop/productdetails/750089/mama-pho-bo-beef-rice-noodle-bowl
123640,Mr Chen's Vietnamese Beef Pho Kit 500g,$8.50 ,$1.70 / 100G,/shop/productdetails/123640/mr-chen-s-vietnamese-beef-pho-kit
4707,Sparletta Creme Soda 300ml,,,/shop/productdetails/4707/sparletta-creme-soda
1073847399,Urban Forager Organic Vegan Umami Broth 250g,$19.95 ,$7.98 / 100G,/shop/productdetails/1073847399/urban-forager-organic-vegan-umami-broth-250g
826968,Abc Chilli Sauce 335ml,$3.40 ,$1.01 / 100ML,/shop/productdetails/826968/abc-chilli-sauce
213434,L'or Espresso Chocolate Capsules 10 Pack,$5.50 ,$0.55 / 1EA,/shop/productdetails/213434/l-or-espresso-chocolate-capsules
160221,L'or Espresso Colombia Andes Intensity 08 Coffee Capsules 40 Pack,$22.00 ,$0.55 / 1EA,/shop/productdetails/160221/l-or-espresso-colombia-andes-intensity-08-coffee-capsules
604173,L'or Espresso Papua New Guinea Intensity 7 Coffee Capsules 10 Pack,$5.50 ,$0.55 / 1EA,/shop/productdetails/604173/l-or-espresso-papua-new-guinea-intensity-7-coffee-capsules
95564,Lavazza Espresso Barista Perfetto Coffee Beans 1kg,$24.00 ,$2.40 / 100G,/shop/productdetails/95564/lavazza-espresso-barista-perfetto-coffee-beans
159246,Nescafe 98% Sugar Free Latte Caramel 26 Pack,$11.00 ,$0.42 / 1EA,/shop/productdetails/159246/nescafe-98-sugar-free-latte-caramel
108479,Noshu 98% Sugar Free Choc Chip Bake Mix 300g,$7.50 ,$2.50 / 100G,/shop/productdetails/108479/noshu-98-sugar-free-choc-chip-bake-mix
189735,Queen Finest Lemon Natural Extract Intense Flavour 50ml,$2.50 ,$0.50 / 10ML,/shop/productdetails/189735/queen-finest-lemon-natural-extract-intense-flavour
79974,Raw C Organic Virgin Coconut Oil 1500ml,$18.00 ,$1.20 / 100ML,/shop/productdetails/79974/raw-c-organic-virgin-coconut-oil
222618,Campos King St Aluminium Coffee Capsules 10 Pack,$7.60 ,$0.76 / 1EA,/shop/productdetails/222618/campos-king-st-aluminium-coffee-capsules
146327,Carman's Natural Bircher Muesli 500g,$6.90 ,$1.38 / 100G,/shop/productdetails/146327/carman-s-natural-bircher-muesli
190407,Queen Finest Almond Natural Extract Intense Flavour 50ml,$2.50 ,$0.50 / 10ML,/shop/productdetails/190407/queen-finest-almond-natural-extract-intense-flavour
96518,Sacred Grounds Groover Blend Ground Coffee Beans 200g,$9.00 ,$4.50 / 100G,/shop/productdetails/96518/sacred-grounds-groover-blend-ground-coffee-beans
129713,Sacred Grounds Single Origin Peru Coffee Beans 500g,$20.00 ,$4.00 / 100G,/shop/productdetails/129713/sacred-grounds-single-origin-peru-coffee-beans
258250,Campbell's Bone Broth Turmeric & Ginger 500ml,$7.00 ,$1.40 / 100ML,/shop/productdetails/258250/campbell-s-bone-broth-turmeric-ginger
6255,Hong Gong Chili Oil 150ml,$3.00 ,$2.00 / 100ML,/shop/productdetails/6255/hong-gong-chili-oil
214129,Mckenzie's Barley & Freekeh 375g,$2.30 ,$0.61 / 100G,/shop/productdetails/214129/mckenzie-s-barley-freekeh
490086,Queen Black Food Colour Gel 15g,$2.65 ,$17.67 / 100G,/shop/productdetails/490086/queen-black-food-colour-gel
11399,San Remo Egg Noodles 1kg,$3.95 ,$0.40 / 100G,/shop/productdetails/11399/san-remo-egg-noodles
124354,Watermelon Brand Sweet Rice 1kg,$3.00 ,$0.30 / 100G,/shop/productdetails/124354/watermelon-brand-sweet-rice
175500,Coco Earth Ghee Clarified Butter Grass Fed 500ml,$10.00 ,$2.00 / 100ML,/shop/productdetails/175500/coco-earth-ghee-clarified-butter-grass-fed
161925,Egmont Honey Manuka Honey Mgo 30+ 250g,$11.00 ,$4.40 / 100G,/shop/productdetails/161925/egmont-honey-manuka-honey-mgo-30-
265889,Nestle Tex Bar 40g,$2.30 ,$5.75 / 100G,/shop/productdetails/265889/nestle-tex-bar
828346,Wei Chuan Dumpling Sauce Hot 190g,$3.50 ,$1.84 / 100ML,/shop/productdetails/828346/wei-chuan-dumpling-sauce-hot
43112,Always Fresh Olives Spanish Black 450g,$3.80 ,$8.44 / 1KG,/shop/productdetails/43112/always-fresh-olives-spanish-black
183075,Dollar Sweets White Muffin Wraps 36 Pack,$4.50 ,$0.13 / 1EA,/shop/productdetails/183075/dollar-sweets-white-muffin-wraps
160945,Lavazza Crema E Gusto Ground Coffee 1kg,$16.80 ,$1.68 / 100G,/shop/productdetails/160945/lavazza-crema-e-gusto-ground-coffee
217413,Maggi Fusian Vietnamese Beef & Lemongrass Instant Noodles 5 Pack,$5.00 ,$1.54 / 100G,/shop/productdetails/217413/maggi-fusian-vietnamese-beef-lemongrass-instant-noodles
67106,Mogu Mogu Mango Drink 1l,$4.95 ,$4.95 / 1L,/shop/productdetails/67106/mogu-mogu-mango-drink
720195,Protea Foods South African Biltong Stokkies Traditional 200g,$26.50 ,$13.25 / 100G,/shop/productdetails/720195/protea-foods-south-african-biltong-stokkies-traditional
847924,Six Fortune Somen Tomoshiraga 400g,$2.60 ,$0.65 / 100G,/shop/productdetails/847924/six-fortune-somen-tomoshiraga
9215,Always Fresh Organic Green Pitted Olives 220g,$6.50 ,$29.55 / 1KG,/shop/productdetails/9215/always-fresh-organic-green-pitted-olives
174349,Angas Park Diced Prunes 125g,$4.50 ,$36.00 / 1KG,/shop/productdetails/174349/angas-park-diced-prunes
223874,Avalanche 99% Sugar Free Hazelnut Latte 10 Pack,$4.40 ,$0.44 / 1EA,/shop/productdetails/223874/avalanche-99-sugar-free-hazelnut-latte
289350,Birch & Waite Burger Sauce Dressing 250ml,$6.00 ,$2.40 / 100ML,/shop/productdetails/289350/birch-waite-burger-sauce-dressing
243325,"Carman's Crunchy Oat Clusters Blueberry, Coconut & Almond 450g",$6.90 ,$1.53 / 100G,/shop/productdetails/243325/carman-s-crunchy-oat-clusters-blueberry-coconut-almond
208265,Carman's Quick Australian Oats 1kg,$6.00 ,$0.60 / 100G,/shop/productdetails/208265/carman-s-quick-australian-oats
473393,Ceres Organics Maple Syrup,$14.00 ,$5.60 / 100ML,/shop/productdetails/473393/ceres-organics-maple-syrup
1073908295,Glico Pocky Stick Chocolate Biscuits 47g 10PK,$27.00 ,$2.70 / 1EA,/shop/productdetails/1073908295/glico-pocky-stick-chocolate-biscuits-47g-10pk
145251,Green's Temptations Jumbo Triple Choc Muffin Mix 425g,$5.00 ,$1.18 / 100G,/shop/productdetails/145251/green-s-temptations-jumbo-triple-choc-muffin-mix
243779,Lucky Blanched Almonds 110g,$4.50 ,$4.09 / 100G,/shop/productdetails/243779/lucky-blanched-almonds
186160,Macro Organic Burger Pickles 680g,$6.50 ,$9.56 / 1KG,/shop/productdetails/186160/macro-organic-burger-pickles
216503,Masterfoods Whole Cumin Seed 28g,$4.00 ,$1.43 / 10G,/shop/productdetails/216503/masterfoods-whole-cumin-seed
219168,Mccormick Air Fryer Japanese Style Karaage Chicken Recipe Base 95g,$2.00 ,$2.11 / 100G,/shop/productdetails/219168/mccormick-air-fryer-japanese-style-karaage-chicken-recipe-base
807202,Monini Grapeseed Oil 750ml,$13.50 ,$1.80 / 100ML,/shop/productdetails/807202/monini-grapeseed-oil
1073778100,Nirvana Organics Stevia Liquid 30ml,$10.00 ,$1.00 / 100ML,/shop/productdetails/1073778100/nirvana-organics-stevia-liquid-30ml
169764,"The Food Company Garlic, Ginger & Shallots 240g",$4.50 ,$0.19 / 10G,/shop/productdetails/169764/the-food-company-garlic-ginger-shallots
223005,Avalanche 99% Sugar Free Latte 10 Pack,$4.40 ,$0.44 / 1EA,/shop/productdetails/223005/avalanche-99-sugar-free-latte
810344,Jordans Granola Low Sugar Cherry Almond 500g,$4.25 ,$0.85 / 100G,/shop/productdetails/810344/jordans-granola-low-sugar-cherry-almond
61751,Old El Paso Nachos Kit Mexican Style 505g,$9.50 ,$1.88 / 100G,/shop/productdetails/61751/old-el-paso-nachos-kit-mexican-style
129812,Sacred Grounds Breezy Coffee Beans 500g,$20.00 ,$4.00 / 100G,/shop/productdetails/129812/sacred-grounds-breezy-coffee-beans
805921,Ajishima Nori Furikake 50g,$5.20 ,$10.40 / 100G,/shop/productdetails/805921/ajishima-nori-furikake
165344,Bull's-eye Chilli Hot Sauce Kentucky Style Habanero With Whisky 135ml,$4.75 ,$3.52 / 100ML,/shop/productdetails/165344/bull-s-eye-chilli-hot-sauce-kentucky-style-habanero-with-whisky
448647,Dr. Oetker Ready To Roll Icing White 600g,$5.50 ,$0.92 / 100G,/shop/productdetails/448647/dr-oetker-ready-to-roll-icing-white
101472,Hamper Corned Beef Lite Canned Meat 340g,$8.20 ,$24.12 / 1KG,/shop/productdetails/101472/hamper-corned-beef-lite-canned-meat-corned-lite
364439,Lee Kum Kee Panda Sauce Oyster 907g,$8.50 ,$0.94 / 100G,/shop/productdetails/364439/lee-kum-kee-panda-sauce-oyster
238010,Nam Duong Hang Viet Soy Sauce 500ml,$2.25 ,$0.45 / 100ML,/shop/productdetails/238010/nam-duong-hang-viet-soy-sauce
224342,Nescafe Gold Choc Mocha Inspired By Nestle Milkybar 8 Pack,$7.60 ,$0.95 / 1EA,/shop/productdetails/224342/nescafe-gold-choc-mocha-inspired-by-nestle-milkybar
159227,Passage To Asia Veg Curry Bowl Thai Green Curry With Jasmine Rice 280g,$5.50 ,$1.96 / 100G,/shop/productdetails/159227/passage-to-asia-veg-curry-bowl-thai-green-curry-with-jasmine-rice
1074032872,Universal Candy Ultimate pack 120 pieces 1.34 kg,$51.79 ,$3.86 / 100G,/shop/productdetails/1074032872/universal-candy-ultimate-pack-120-pieces-1-34-kg
691214,Always Fresh Jalapeno Olives 230g,$4.50 ,$19.57 / 1KG,/shop/productdetails/691214/always-fresh-jalapeno-olives
261314,Beerenberg Fruit Chutney 290g,$5.50 ,$1.90 / 100G,/shop/productdetails/261314/beerenberg-fruit-chutney
199663,Cobram Estate Garlic & Rosemary Infused Olive Oil 250ml,$7.70 ,$3.08 / 100ML,/shop/productdetails/199663/cobram-estate-garlic-rosemary-infused-olive-oil
750005,Devondale Full Cream Milk Powder 1kg,$16.50 ,$1.65 / 100G,/shop/productdetails/750005/devondale-full-cream-milk-powder
686999,Nescafe Gold Short Black Espresso Instant Coffee 100g,$13.50 ,$13.50 / 100G,/shop/productdetails/686999/nescafe-gold-short-black-espresso-instant-coffee
225455,Beerenberg Pumpkin & Chickpea Curry 240ml,$6.50 ,$2.71 / 100ML,/shop/productdetails/225455/beerenberg-pumpkin-chickpea-curry
828736,Creative Kitchen Mini Flowers Cake Decorations 48 Pack,$3.50 ,$0.07 / 1EA,/shop/productdetails/828736/creative-kitchen-mini-flowers-cake-decorations
804124,Dollar Sweets 10 Inch Round Cake Board 2 Pack,$3.25 ,$1.63 / 1EA,/shop/productdetails/804124/dollar-sweets-10-inch-round-cake-board
433185,Maharajah's Choice Crushed Chilli Spice 250g,$2.00 ,$0.08 / 10G,/shop/productdetails/433185/maharajah-s-choice-crushed-chilli-spice
265693,Mission Tortilla Triangles Jalapeno Poppers 400g,$6.60 ,$1.65 / 100G,/shop/productdetails/265693/mission-tortilla-triangles-jalapeno-poppers
228342,Origin Tea Natural Chai Latte Powder 200g,$7.50 ,$3.75 / 100G,/shop/productdetails/228342/origin-tea-natural-chai-latte-powder
274329,Blue Frog Keto Cereal Almond Butter & Vanilla Bean 300g,$14.75 ,$4.92 / 100G,/shop/productdetails/274329/blue-frog-keto-cereal-almond-butter-vanilla-bean
285804,Gourmet Garden Zesty Lemon Paste 80g,$4.00 ,$5.00 / 100G,/shop/productdetails/285804/gourmet-garden-zesty-lemon-paste
756792,Hansells Creme Brulee 70g,$1.70 ,$2.43 / 100G,/shop/productdetails/756792/hansells-creme-brulee
92218,Harris Coffee Ground Smooth 200g,$9.50 ,$4.75 / 100G,/shop/productdetails/92218/harris-coffee-ground-smooth
364456,Jinmailang Emperor Noodle Spicy Chicken 114g,$1.20 ,$1.05 / 100G,/shop/productdetails/364456/jinmailang-emperor-noodle-spicy-chicken
1074032866,McCormick Original Taco Seasoning Mix 730g x 2,$44.99 ,$22.50 / 1EA,/shop/productdetails/1074032866/mccormick-original-taco-seasoning-mix-730g-x-2
247242,Nestle Nesquik Breakfast Cereal 650g,$8.80 ,$1.35 / 100G,/shop/productdetails/247242/nestle-nesquik-breakfast-cereal
182606,Noshu 98% Sugar Free Rich Chocolate Cake Mix 450g,$6.50 ,$1.44 / 100G,/shop/productdetails/182606/noshu-98-sugar-free-rich-chocolate-cake-mix
669020,Wel Pac Panko Bread Crumbs 350g,$3.50 ,$1.00 / 100G,/shop/productdetails/669020/wel-pac-panko-bread-crumbs
222156,Campos Decaf Ground Coffee 250g,$16.90 ,$6.76 / 100G,/shop/productdetails/222156/campos-decaf-ground-coffee
272603,Carman's Antioxidant Granola Blueberry & Vanilla 425g,$6.90 ,$1.62 / 100G,/shop/productdetails/272603/carman-s-antioxidant-granola-blueberry-vanilla
217193,Continental Seasoning Sensations Recipe Base Lebanese Koftas 44g,$2.75 ,$6.25 / 100G,/shop/productdetails/217193/continental-seasoning-sensations-recipe-base-lebanese-koftas
220985,Lavazza Espresso Barista Intenso Coffee Beans 500g,$12.60 ,$2.52 / 100G,/shop/productdetails/220985/lavazza-espresso-barista-intenso-coffee-beans
201706,The Dutch Company European Foods Apple Sauce 720g,$3.80 ,$0.54 / 100G,/shop/productdetails/201706/the-dutch-company-european-foods-apple-sauce
733447,Always Fresh Olives Pitted Kalamata 2kg,$16.80 ,$8.40 / 1KG,/shop/productdetails/733447/always-fresh-olives-pitted-kalamata
95942,Coco Earth Yellow Dahl With Long Grain Rice 400g,$4.80 ,$1.20 / 100G,/shop/productdetails/95942/coco-earth-yellow-dahl-with-long-grain-rice
217592,Continental Seasoning Sensations Recipe Base Malaysian Laksa 34g,$2.75 ,$8.09 / 100G,/shop/productdetails/217592/continental-seasoning-sensations-recipe-base-malaysian-laksa
202512,El Cielo Tomatillos 767g,$9.00 ,$1.17 / 100G,/shop/productdetails/202512/el-cielo-tomatillos
279996,Green's Vegemite Choc Chunk Brownie Mix 400g,$7.00 ,$1.56 / 100G,/shop/productdetails/279996/green-s-vegemite-choc-chunk-brownie-mix
257464,Maggi Air Fryer Crispy Salt And Pepper Seasoning 40g,$1.80 ,$0.45 / 10G,/shop/productdetails/257464/maggi-air-fryer-crispy-salt-and-pepper-seasoning
237906,Marion's Kitchen Red Curry Paste 190g,$6.00 ,$3.16 / 100G,/shop/productdetails/237906/marion-s-kitchen-red-curry-paste
21938,United King Pheni Fried Vermicelli 200g,$3.00 ,$1.50 / 100G,/shop/productdetails/21938/united-king-pheni-fried-vermicelli
95611,Coco Earth Butter Chicken With Basmati Rice 400g,$4.80 ,$1.20 / 100G,/shop/productdetails/95611/coco-earth-butter-chicken-with-basmati-rice
95753,Coco Earth Thai Green Chicken Curry With Jasmine Rice 400g,$4.80 ,$1.20 / 100G,/shop/productdetails/95753/coco-earth-thai-green-chicken-curry-with-jasmine-rice
864352,Kushi Jelly Drinks 75g X12 Pack,$3.50 ,$0.39 / 100G,/shop/productdetails/864352/kushi-jelly-drinks
299506,Mama Instant Noodles Chicken 70g,$1.50 ,$2.14 / 100G,/shop/productdetails/299506/mama-instant-noodles-chicken
272697,Republica Organic Coffee Ground Timor Espresso 200g,$7.50 ,$3.75 / 100G,/shop/productdetails/272697/republica-organic-coffee-ground-timor-espresso
1074114304,Samyang Hot Chicken Ramen Cheese Flavour 140g*5Bags X 4Pack,$45.99 ,$11.50 / 1EA,/shop/productdetails/1074114304/samyang-hot-chicken-ramen-cheese-flavour-140g-5bags-x-4pack
161486,Coco Earth Chicken Tikka Masala With Naan 360g,$5.00 ,$1.39 / 100G,/shop/productdetails/161486/coco-earth-chicken-tikka-masala-with-naan
103333,Fix And Fogg Smooth Peanut Butter 750g,$9.90 ,$1.32 / 100G,/shop/productdetails/103333/fix-and-fogg-smooth-peanut-butter
223871,Freedom Active Balance Cashews & Pepitas Cereal 400g,$7.50 ,$1.88 / 100G,/shop/productdetails/223871/freedom-active-balance-cashews-pepitas-cereal
156727,Nescafe Blend 43 Dark Roast Instant Coffee 8 Intensity 300g,$17.40 ,$5.80 / 100G,/shop/productdetails/156727/nescafe-blend-43-dark-roast-instant-coffee-8-intensity
349985,Richter Marzipan Loaves 100g,$2.25 ,$2.25 / 100G,/shop/productdetails/349985/richter-marzipan-loaves
803903,Ssk Japanese Mayo 1kg,$12.00 ,$1.20 / 100G,/shop/productdetails/803903/ssk-japanese-mayo
1538,Splenda Sweetener Granular 120g,$6.95 ,$5.79 / 100G,/shop/productdetails/1538/splenda-sweetener-granular
208312,Carman's Protein Rich Australian Oats 500g,$4.50 ,$0.90 / 100G,/shop/productdetails/208312/carman-s-protein-rich-australian-oats
160946,Egmont Honey Pure Honey 1kg,$14.00 ,$1.40 / 100G,/shop/productdetails/160946/egmont-honey-pure-honey
846835,King Brand Vegetarian Mushroom Oyster Sauce 430ml,$4.75 ,$1.10 / 100ML,/shop/productdetails/846835/king-brand-vegetarian-mushroom-oyster-sauce
807200,Monini Organic Extra Virgin Olive Oil 500ml,$15.00 ,$3.00 / 100ML,/shop/productdetails/807200/monini-organic-extra-virgin-olive-oil
1073961040,Trolli Showbag,$26.00 ,,/shop/productdetails/1073961040/trolli-showbag
33431,Golden Circle Australian Canned Fruit Tinned Pineapple Slices In Syrup 850g,$5.70 ,$6.71 / 1KG,/shop/productdetails/33431/golden-circle-australian-canned-fruit-tinned-pineapple-slices-in-syrup
798100,Gourmet Garden Chilli Lightly Dried 10g Sachet,$4.00 ,$4.00 / 10G,/shop/productdetails/798100/gourmet-garden-chilli-lightly-dried
970815,Green's Classic Chocolate Cake Gluten Free 470g,$5.00 ,$1.06 / 100G,/shop/productdetails/970815/green-s-classic-chocolate-cake-gluten-free
44760,Masterfoods Cloves Ground 26g,$5.20 ,$2.00 / 10G,/shop/productdetails/44760/masterfoods-cloves-ground
159971,Mayver's Dark Roasted Extra Crunchy Peanut Butter 375g,$5.80 ,$1.55 / 100G,/shop/productdetails/159971/mayver-s-dark-roasted-extra-crunchy-peanut-butter
49301,Moro Olive Oil 500ml,$9.80 ,$1.96 / 100ML,/shop/productdetails/49301/moro-olive-oil
151200,Nescafe Farmers Origins Capsules Africas 10 Pack,$5.20 ,$0.52 / 1EA,/shop/productdetails/151200/nescafe-farmers-origins-capsules-africas
1074032817,Oreo Cookies Original 266g x 4,$32.99 ,$8.25 / 1EA,/shop/productdetails/1074032817/oreo-cookies-original-266g-x-4
208098,Zeeba Golden Sella Basmati Rice 5kg,$16.00 ,$0.32 / 100G,/shop/productdetails/208098/zeeba-golden-sella-basmati-rice
152962,Baci Milk Truffle Share Bag 125g,$8.00 ,$6.40 / 100G,/shop/productdetails/152962/baci-milk-truffle-share-bag
159012,Caffe Aurora Prima Qualita Coffee Beans 1kg,$19.00 ,$1.90 / 100G,/shop/productdetails/159012/caff-aurora-prima-qualita-coffee-beans
591490,Goulburn Valley Two Fruits In Juice Fruit Cups 2 X 170g,$4.50 ,$13.24 / 1KG,/shop/productdetails/591490/goulburn-valley-two-fruits-in-juice-fruit-cups-in-juice
85456,Green's Temptations Blueberry & Buttermilk Pancake Shake 325g,$5.00 ,$1.54 / 100G,/shop/productdetails/85456/green-s-temptations-blueberry-buttermilk-pancake-shake
85599,Jordans Cluster Bites Milk Chocolate 500g,$4.25 ,$0.85 / 100G,/shop/productdetails/85599/jordans-cluster-bites-milk-chocolate
262808,Laucke Multigrain Soy Linseed Bread Mix 2.4kg,$9.80 ,$4.08 / 1KG,/shop/productdetails/262808/laucke-multigrain-soy-linseed-bread-mix
254591,Nature's Cuppa Freeze Dried Coffee Eco Organic 100g,$12.00 ,$12.00 / 100G,/shop/productdetails/254591/nature-s-cuppa-freeze-dried-coffee-eco-organic
1073962971,Old Mule Chao Tian Spicy Crispy Medium Spicy 240g x 3Pack,$25.49 ,$3.54 / 100G,/shop/productdetails/1073962971/old-mule-chao-tian-spicy-crispy-medium-spicy-240g-x-3pack
169756,"The Food Company Onion, Garlic & Chilli 240g",$4.50 ,$0.19 / 10G,/shop/productdetails/169756/the-food-company-onion-garlic-chilli
830281,Doree Fried Garlic 100g,$3.90 ,$3.90 / 100G,/shop/productdetails/830281/doree-fried-garlic
98980,Hart & Soul Moroccan Couscous 150g,,,/shop/productdetails/98980/hart-soul-moroccan-couscous
294804,Mayver's Low Carb Protein Keto Peanut Spread 220g,$8.50 ,$3.86 / 100G,/shop/productdetails/294804/mayver-s-low-carb-protein-keto-peanut-spread
663196,Monini Classico Extra Virgin Olive Oil 750ml,$18.00 ,$2.40 / 100ML,/shop/productdetails/663196/monini-classico-extra-virgin-olive-oil
208875,Nexba Liquid Brekkie Vanilla 3 Pack,$3.90 ,$5.20 / 1L,/shop/productdetails/208875/nexba-liquid-brekkie-vanilla
660232,Nong Shim Kim Chi Noodles 5 Pack,$8.00 ,$1.33 / 100G,/shop/productdetails/660232/nong-shim-kim-chi-noodles
237854,S&b Crunchy Garlic Chilli Oil 110g,$7.50 ,$6.82 / 100G,/shop/productdetails/237854/s-b-crunchy-garlic-chilli-oil
125490,Sacred Grounds Groover Coffee Beans 500g,$20.00 ,$4.00 / 100G,/shop/productdetails/125490/sacred-grounds-groover-coffee-beans
143028,Seriously Low Carb Self Raising Flour 300g,$6.40 ,$21.33 / 1KG,/shop/productdetails/143028/seriously-low-carb-self-raising-flour
210507,Dollar Sweets Piping Bags Refill 20 Pack,$4.50 ,$0.23 / 1EA,/shop/productdetails/210507/dollar-sweets-piping-bags-refill
117660,Green's Chocolate Chunk Cookies With Dark Chocolate Chips 400g,$5.00 ,$1.25 / 100G,/shop/productdetails/117660/green-s-chocolate-chunk-cookies-with-dark-chocolate-chips
91097,Harris Coffee Ground Very Strong 200g,$9.50 ,$4.75 / 100G,/shop/productdetails/91097/harris-coffee-ground-very-strong
85469,Jordans Cluster Bites Honey Nut 500g,$4.25 ,$0.85 / 100G,/shop/productdetails/85469/jordans-cluster-bites-honey-nut
753984,Katoomba Ingredients Tyson Chickpeas 1kg,$2.50 ,$0.25 / 100G,/shop/productdetails/753984/katoomba-ingredients-tyson-chickpeas
68712,Queen Metallic Icing Writing Gel 5 Pack,$5.25 ,$5.00 / 100G,/shop/productdetails/68712/queen-metallic-icing-writing-gel
739136,Raw C Liquid Coconut Oil 250ml,$7.50 ,$3.00 / 100ML,/shop/productdetails/739136/raw-c-liquid-coconut-oil
122697,Sugar Honey Instant Tapioca Pearls 250g,$5.00 ,$2.00 / 100G,/shop/productdetails/122697/sugar-honey-instant-tapioca-pearls
373308,100 Plus Sport Isotonic Can 325ml,$1.50 ,$4.62 / 1L,/shop/productdetails/373308/100-plus-sport-isotonic-can
512226,Barrys Gold Blend Tea 80's 250g,$11.00 ,$4.40 / 100G,/shop/productdetails/512226/barrys-gold-blend-tea-80-s
724746,Bokoma Pronutro Original South African 500g,$7.20 ,$1.44 / 100G,/shop/productdetails/724746/bokoma-pronutro-original-south-african
280760,Lakanto Monkfruit Sweetener Brown 450g,$16.00 ,$3.56 / 100G,/shop/productdetails/280760/lakanto-monkfruit-sweetener-brown
235055,The Han Kitchen Pocha Ramyun 4 Pack,$10.50 ,$2.22 / 100G,/shop/productdetails/235055/han-kitchen-the-han-kitchen-pocha-ramyun
301087,Ayam Hawker Market Thai Pad See Ew 200g,$3.50 ,$1.75 / 100G,/shop/productdetails/301087/ayam-hawker-market-thai-pad-see-ew
303767,Mama Cup Noodles Vegetable 70g,$1.50 ,$2.14 / 100G,/shop/productdetails/303767/mama-cup-noodles-vegetable
147874,Nestle Cini Minis Churros 360g,$6.50 ,$1.81 / 100G,/shop/productdetails/147874/nestle-cini-minis-churros
58587,The Dutch Company Almond Fingers 5 Pack,$4.80 ,$2.09 / 100G,/shop/productdetails/58587/the-dutch-company-almond-fingers
794619,Wei Lei Onion Noodles 5 Pack,$6.50 ,$1.53 / 100G,/shop/productdetails/794619/wei-lei-onion-noodles
182815,Woolworths Chicken Flavoured Gravy 200g,$3.00 ,$1.50 / 100G,/shop/productdetails/182815/woolworths-chicken-flavoured-gravy
198545,Woolworths Vanilla Cornet Cones 30 Pack,,,/shop/productdetails/198545/woolworths-vanilla-cornet-cones
464655,Always Fresh Mixed Olives 220g,$4.80 ,$21.82 / 1KG,/shop/productdetails/464655/always-fresh-mixed-olives
360834,Barrs Irn Bru Drink Sparkling Can 330ml,$2.70 ,$8.18 / 1L,/shop/productdetails/360834/barrs-irn-bru-drink-sparkling-can
74080,Fehlbergs Onions Pickled 500g,$4.80 ,$9.60 / 1KG,/shop/productdetails/74080/fehlbergs-onions-pickled
224752,Freedom Active Balance Almond & Cashew Multigrain Flakes Cereal 400g,$7.50 ,$1.88 / 100G,/shop/productdetails/224752/freedom-active-balance-almond-cashew-multigrain-flakes-cereal
287,Leatherwood Organic Honey 500g,$14.00 ,$2.80 / 100G,/shop/productdetails/287/leatherwood-organic-honey
133477,Macro Organic Australian Hulled Millet 500g,$5.50 ,$1.10 / 100G,/shop/productdetails/133477/macro-organic-australian-hulled-millet
827756,Prima Singapore Laksa La Mian 178g,$4.50 ,$2.53 / 100G,/shop/productdetails/827756/prima-singapore-laksa-la-mian
281039,Donna Hay Vanilla Cupcake Mix With Marshmallow Frosting 560g,$7.00 ,$1.25 / 100G,/shop/productdetails/281039/donna-hay-vanilla-cupcake-mix-with-marshmallow-frosting
198685,Fix And Fogg Choc Berry Everything Spread 275g,$6.90 ,$2.51 / 100G,/shop/productdetails/198685/fix-and-fogg-choc-berry-everything-spread
219108,Mccormick Air Fryer Korean Style Fried Chicken Recipe Base 85g,$2.00 ,$2.35 / 100G,/shop/productdetails/219108/mccormick-air-fryer-korean-style-fried-chicken-recipe-base
32167,Nong Shim Neoguri Noodle Soup Seafood & Spicy 120g,$2.10 ,$1.75 / 100G,/shop/productdetails/32167/nong-shim-neoguri-noodle-soup-seafood-spicy
8396,Old El Paso Gluten Free Enchilada Kit Mexican Style 518g,$9.50 ,$1.83 / 100G,/shop/productdetails/8396/old-el-paso-gluten-free-enchilada-kit-mexican-style
1073962373,Turkish Delight Showbag,$17.00 ,,/shop/productdetails/1073962373/turkish-delight-showbag
39931,Carbonell Original Olive Oil Olive Oil 4l,$42.00 ,$1.05 / 100ML,/shop/productdetails/39931/carbonell-original-olive-oil-olive-oil
243058,Carman's Cranberry & Apple Clusters 450g,$6.90 ,$1.53 / 100G,/shop/productdetails/243058/carman-s-cranberry-apple-clusters
1073999828,Chef's Choice Organic Rapadura Sugar 1kg,$11.35 ,$1.14 / 100G,/shop/productdetails/1073999828/chef-s-choice-organic-rapadura-sugar-1kg
210718,Donna Hay Wholesome Banana Bread Cake Mix 540g,$7.00 ,$1.30 / 100G,/shop/productdetails/210718/donna-hay-wholesome-banana-bread-cake-mix
798705,Espressotoria Aurora Coffee Italian Coffee Capsules 100g,$6.50 ,$0.54 / 1EA,/shop/productdetails/798705/espressotoria-aurora-coffee-italian-coffee-capsules
92413,Laucke Multigrain Bread Mix 5kg,$17.00 ,$3.40 / 1KG,/shop/productdetails/92413/laucke-multigrain-bread-mix
38352,Lee Kum Kee Char Siu Sauce Char Siu 397g,$5.40 ,$1.36 / 100G,/shop/productdetails/38352/lee-kum-kee-char-siu-sauce-char-siu
111321,Maille Mustard Dijonnaise 200ml,$5.50 ,$2.75 / 100ML,/shop/productdetails/111321/maille-mustard-dijonnaise
97301,Mayver's Extra Crunchy Peanut Butter 375g,$5.80 ,$1.55 / 100G,/shop/productdetails/97301/mayver-s-extra-crunchy-peanut-butter
137539,Plenty Cold Pressed Flaxseed Oil 375ml,$8.80 ,$2.35 / 100ML,/shop/productdetails/137539/plenty-cold-pressed-flaxseed-oil
1073780030,Power Super Foods Wakame Flake Cert Organic 50g,$14.95 ,$199.33 / 1KG,/shop/productdetails/1073780030/power-super-foods-wakame-flake-cert-organic-50g
620060,Always Fresh Baby Cucumbers With Chilli 350g,$4.60 ,$1.31 / 100G,/shop/productdetails/620060/always-fresh-baby-cucumbers-with-chilli
232514,Ayam Stir Fry Paste Thai Basil Chilli Medium 185g,$4.00 ,$2.16 / 100G,/shop/productdetails/232514/ayam-stir-fry-paste-thai-basil-chilli-medium
64138,Carman's Oat Clusters Grains & Coconut 750g,$7.00 ,$0.93 / 100G,/shop/productdetails/64138/carman-s-oat-clusters-grains-coconut
142971,Donna Hay Premium Dutch Processed Cocoa 200g,$8.00 ,$4.00 / 100G,/shop/productdetails/142971/donna-hay-premium-dutch-processed-cocoa
819561,Green Leaf Hummus Tahina Dip 400g,$2.00 ,$0.50 / 100G,/shop/productdetails/819561/green-leaf-hummus-tahina-dip
243854,Kellogg's Rice Bubbles Multigrain Honey Flavour Breakfast Cereal 450g,$8.00 ,$1.78 / 100G,/shop/productdetails/243854/kelloggs-rice-bubbles-multigrain-honey-flavour-breakfast-cereal
81921,Lion Pastry Mix 375g,$2.50 ,$0.67 / 100G,/shop/productdetails/81921/lion-pastry-mix
371037,Moccona Freeze Dried Instant Coffee Rich 200g,$17.00 ,$8.50 / 100G,/shop/productdetails/371037/moccona-freeze-dried-instant-coffee-rich
319318,Nestle Milo Duo Breakfast Cereal 340g,$6.50 ,$1.91 / 100G,/shop/productdetails/319318/nestle-milo-duo-breakfast-cereal
717730,Ayam Nasi Goreng Paste 185g,$4.00 ,$2.16 / 100G,/shop/productdetails/717730/ayam-nasi-goreng-paste
83593,Dollar Sweets Gold Lustre Shimmer Spray 4g,$6.00 ,$150.00 / 100G,/shop/productdetails/83593/dollar-sweets-gold-lustre-shimmer-spray
1074051034,Nestle Smarties Chocolate Pieces Bag 700g 2PK,$32.00 ,$16.00 / 1EA,/shop/productdetails/1074051034/nestle-smarties-chocolate-pieces-bag-700g-2pk
243224,No Nasties Choc Bombs Cereal 285g,$4.30 ,$1.51 / 100G,/shop/productdetails/243224/no-nasties-choc-bombs-cereal
307598,Arkadia Chai Tea Vanilla 8 Pack,$5.40 ,$0.68 / 1EA,/shop/productdetails/307598/arkadia-chai-tea-vanilla
33839,Bushells Coffee Essence Sweet Chicory 250ml,$5.00 ,$2.00 / 100ML,/shop/productdetails/33839/bushells-coffee-essence-sweet-chicory
220016,Carbonell Extra Virgin Olive Oil 1l,$20.00 ,$2.00 / 100ML,/shop/productdetails/220016/carbonell-extra-virgin-olive-oil
209633,Carman's Grain Free Granola Almond Macadamia Cashew & Pecan 400g,$16.00 ,$4.00 / 100G,/shop/productdetails/209633/carman-s-grain-free-granola-almond-macadamia-cashew-pecan
142421,Mckenzie's Almond Flour 300g,,,/shop/productdetails/142421/mckenzie-s-almond-flour
254901,Mcvitie's Jaffa Cakes 122g,$3.50 ,$2.87 / 100G,/shop/productdetails/254901/mcvitie-s-jaffa-cakes
1074032895,Shwartz Rainbow Sprinkles 283g x 2,$29.99 ,$15.00 / 1EA,/shop/productdetails/1074032895/shwartz-rainbow-sprinkles-283g-x-2
1074023540,Tastebuds Chips and Toblerone Chocolate Bar Goodie Box,$59.00 ,,/shop/productdetails/1074023540/tastebuds-chips-and-toblerone-chocolate-bar-goodie-box
1073961034,Wicked Fizz Showbag,$22.00 ,,/shop/productdetails/1073961034/wicked-fizz-showbag
733427,Always Fresh Cucumbers Dill 1.90kg,$10.00 ,$5.26 / 1KG,/shop/productdetails/733427/always-fresh-cucumbers-dill
248424,Angas Park Soft & Juicy Whole Cranberries 140g,$5.50 ,$39.29 / 1KG,/shop/productdetails/248424/angas-park-soft-juicy-whole-cranberries
208100,"Blue Frog Keto Almond, Peanut & Raspberry Cereal 300g",$14.75 ,$4.92 / 100G,/shop/productdetails/208100/blue-frog-keto-almond-peanut-raspberry-cereal
761613,Britannia Little Hearts 75g,$1.25 ,$1.67 / 100G,/shop/productdetails/761613/britannia-little-hearts
9105,Kong Foo Sing Snacks Fortune Cookies 100g,$4.80 ,$4.80 / 100G,/shop/productdetails/9105/kong-foo-sing-snacks-fortune-cookies
663280,Lee Kum Kee Vegetarian Stir Fry Sauce 510g,$5.00 ,$0.98 / 100G,/shop/productdetails/663280/lee-kum-kee-vegetarian-stir-fry-sauce
91124,Macro Natural Pine Nuts 150g,$11.50 ,$76.67 / 1KG,/shop/productdetails/91124/macro-natural-pine-nuts
235751,Mayvers Peanut Butter Protein + 750g,$10.80 ,$1.44 / 100G,/shop/productdetails/235751/mayvers-peanut-butter-protein-
49304,Moro Light Taste Olive Oil 500ml,$9.80 ,$1.96 / 100ML,/shop/productdetails/49304/moro-light-taste-olive-oil
250694,Spring Gully Sweet Chilli Sauce Gluten Free 245ml,$3.50 ,$1.43 / 100ML,/shop/productdetails/250694/spring-gully-sweet-chilli-sauce-gluten-free
231686,Byron Bay Original Honey 500g,$9.35 ,$1.87 / 100G,/shop/productdetails/231686/byron-bay-original-honey
53926,Champion Original Flavoured Toffees 150g,$4.30 ,$2.87 / 100G,/shop/productdetails/53926/champion-original-flavoured-toffees
365222,Chef's World World Noodles Thin 2kg,$7.00 ,$0.35 / 100G,/shop/productdetails/365222/chefs-world-world-noodles-thin
756767,Hansells Chef's Kitchen Panna Cotta 65g,$1.70 ,$2.62 / 100G,/shop/productdetails/756767/hansells-chef-s-kitchen-panna-cotta
1073908341,Hello Panda Meiji Chocolate Biscuits 45g - 10PK,$28.00 ,$2.80 / 1EA,/shop/productdetails/1073908341/hello-panda-meiji-chocolate-biscuits-45g-10pk
803901,Hot Kids Milk Beverage 245ml,$1.95 ,$0.80 / 100ML,/shop/productdetails/803901/hot-kids-milk-beverage
306341,L'or Espresso Breakfast Collection Coffee Capsules 40 Pack,$22.00 ,$0.55 / 1EA,/shop/productdetails/306341/l-or-espresso-breakfast-collection-coffee-capsules
817084,Olivado Avocado Cooking Oil 250ml,$9.00 ,$3.60 / 100ML,/shop/productdetails/817084/olivado-avocado-cooking-oil
786238,Queen Red Food Colour Gel 15g,$2.65 ,$17.67 / 100G,/shop/productdetails/786238/queen-red-food-colour-gel
109485,Arkadia Chai Plant Based Tea 240g,$7.00 ,$2.92 / 100G,/shop/productdetails/109485/arkadia-chai-plant-based-tea
753062,Britannia Bourbon Chocolate Biscuits 390g,$4.95 ,$1.27 / 100G,/shop/productdetails/753062/britannia-bourbon-chocolate-biscuits
1073923138,Chai Tea Organic Rooibos Chai Tea Bags 20serve,$11.95 ,$0.60 / 1EA,/shop/productdetails/1073923138/chai-tea-organic-rooibos-chai-tea-bags-20serve
147895,Farmer Jo Gluten Free Paleo Granola Salted Maple Cashew 300g,$10.00 ,$3.33 / 100G,/shop/productdetails/147895/farmer-jo-gluten-free-paleo-granola-salted-maple-cashew
236359,Marion's Kitchen Green Curry Paste 190g,$6.00 ,$3.16 / 100G,/shop/productdetails/236359/marion-s-kitchen-green-curry-paste
309607,Twinings Live Well Metabolism+ Flavoured Infusions 20 Pack,$4.25 ,$0.21 / 1EA,/shop/productdetails/309607/twinings-live-well-metabolism-flavoured-infusions
147616,Woolworths Roasted & Diced Cashews 200g,$5.00 ,$25.00 / 1KG,/shop/productdetails/147616/woolworths-roasted-diced-cashews
1074252163,Caterers Choice Tumeric Ground 1Kg,$48.18 ,$4.82 / 100G,/shop/productdetails/1074252163/caterers-choice-tumeric-ground-1kg
39369,Hot Pot Casserole Base French Onion 80g,$2.99 ,$3.74 / 100G,/shop/productdetails/39369/hot-pot-casserole-base-french-onion
1074052510,Jose Gourmet Sardine & Tuna Pate Gift Box,$49.00 ,,/shop/productdetails/1074052510/jose-gourmet-sardine-tuna-pate-gift-box
222452,Lavazza Espresso Dek Cremoso Decaffeinated Coffee Capsules 16 Pack,$7.50 ,$0.47 / 1EA,/shop/productdetails/222452/lavazza-espresso-dek-cremoso-decaffeinated-coffee-capsules
171192,Maggie Beer Honey Mustard Finishing Sauce 170g,$4.75 ,$2.79 / 100G,/shop/productdetails/171192/maggie-beer-honey-mustard-finishing-sauce
890498,Milka Milk Chocolate Alpine 100g,$3.00 ,$3.00 / 100G,/shop/productdetails/890498/milka-milk-chocolate-alpine
815768,Second House Pearl Couscous Moghrabiyeh 907g,$6.00 ,$0.66 / 100G,/shop/productdetails/815768/second-house-pearl-couscous-moghrabiyeh
777774,Uludag Lemonade Gazoz Drink 1.5l,$2.60 ,$0.17 / 100ML,/shop/productdetails/777774/uludag-lemonade-gazoz-drink
87917,Woolworths Seafood Mayonnaise 250ml,$2.50 ,$1.00 / 100ML,/shop/productdetails/87917/woolworths-seafood-mayonnaise
1073927468,Colgin Liquid Smoke Hickory Sauce 118ml,$18.00 ,$15.25 / 100ML,/shop/productdetails/1073927468/colgin-liquid-smoke-hickory-sauce-118ml
38203,Erawan Ingredients Rice Gluten 500g,$1.90 ,$0.38 / 100G,/shop/productdetails/38203/erawan-ingredients-rice-gluten
77770,Gold'n Canola Canola Oil 4l,$20.00 ,$0.50 / 100ML,/shop/productdetails/77770/gold-n-canola-canola-oil
240657,Green's Temptations Chocolate Mousse Mix 185g,$5.00 ,$2.70 / 100G,/shop/productdetails/240657/green-s-temptations-chocolate-mousse-mix
807432,Jinmailang Egg Noodle 1kg,$3.10 ,$0.31 / 100G,/shop/productdetails/807432/jinmailang-egg-noodle
281532,Lian Chicken Congee Bowl 60g,$3.50 ,$5.83 / 100G,/shop/productdetails/281532/lian-chicken-congee-bowl
663195,Monini Delicato Extra Virgin Olive Oil 750ml,$18.00 ,$2.40 / 100ML,/shop/productdetails/663195/monini-delicato-extra-virgin-olive-oil
241105,No Nasties Sugar Freezies Summer Fruits 15 Pack,$7.00 ,$11.67 / 100ML,/shop/productdetails/241105/no-nasties-sugar-freezies-summer-fruits
237244,Noya Crunchy Almond Nut Butter 200g,$9.00 ,$4.50 / 100G,/shop/productdetails/237244/noya-crunchy-almond-nut-butter
798038,Squeaky Gate Australian Extra Virgin Olive Oil The Mild One 750ml,$14.00 ,$1.87 / 100ML,/shop/productdetails/798038/squeaky-gate-australian-extra-virgin-olive-oil-the-mild-one
194416,Al Wadi Pomegranate Molasses 410g,$5.80 ,$1.93 / 100ML,/shop/productdetails/194416/al-wadi-pomegranate-molasses
238274,Beechworth Bee Cause 100% Australian Bush Honey Jar 550g,$11.00 ,$2.00 / 100G,/shop/productdetails/238274/beechworth-bee-cause-100-australian-bush-honey-jar
155088,La Costena Jalapeno Nacho Slices 210g,$4.80 ,$2.29 / 100G,/shop/productdetails/155088/la-costena-jalapeno-nacho-slices
159506,Nescafe 98% Sugar Free Mocha 26 Pack,$11.00 ,$0.42 / 1EA,/shop/productdetails/159506/nescafe-98-sugar-free-mocha
337238,Pot Noodles Chicken & Mushroom 94g,$4.70 ,$5.22 / 100G,/shop/productdetails/337238/pot-noodles-chicken-mushroom
147373,The Healthy Baker Wholemeal Plain Flour Mix 1kg,$4.50 ,$4.50 / 1KG,/shop/productdetails/147373/the-healthy-baker-wholemeal-plain-flour-mix
122316,Back To Basics Shiitake Jerky 60g,$2.25 ,$3.75 / 100G,/shop/productdetails/122316/back-to-basics-shiitake-jerky
313811,Bean Ground & Drunk Ground Coffee Organic Fairtrade Decaff 250g,$11.00 ,$4.40 / 100G,/shop/productdetails/313811/bean-ground-drunk-ground-coffee-organic-fairtrade-decaff
1074314843,"Chupa Chups Carousel, 200 Lollipops",$65.00 ,$2.71 / 100G,/shop/productdetails/1074314843/chupa-chups-carousel-200-lollipops
326182,Fry's Chocolate Cream 49g,$1.60 ,$3.27 / 100G,/shop/productdetails/326182/frys-chocolate-cream
326183,Frys Chocolate Bar Peppermint Cream 49g,$1.60 ,$3.27 / 100G,/shop/productdetails/326183/frys-chocolate-bar-peppermint-cream
1073962829,Golden Dragonfish Corn Oil 1.8L,$29.79 ,$1.66 / 100ML,/shop/productdetails/1073962829/golden-dragonfish-corn-oil-1-8l
733484,Grinders Crema Ground Rainforest Alliance Certified 200g,$8.80 ,$4.40 / 100G,/shop/productdetails/733484/grinders-crema-ground-rainforest-alliance-certified
202595,Kialla Pure Organic Soy & Linseed Sourdough Mix 450g,$7.00 ,$1.56 / 100G,/shop/productdetails/202595/kialla-pure-organic-soy-linseed-sourdough-mix
95662,Lavazza Prontissimo Espresso 95g,$6.60 ,$6.95 / 100G,/shop/productdetails/95662/lavazza-prontissimo-espresso
356675,Mtr Ready To Eat Palak Paneer 300g,$2.20 ,$0.73 / 100G,/shop/productdetails/356675/mtr-ready-to-eat-palak-paneer
750105,Mesona Grass Jelly Drink 320g,$1.30 ,$0.41 / 100G,/shop/productdetails/750105/mesona-grass-jelly-drink
520046,Paldo Dosirac Lobster Noodles King Cup 110g,$2.20 ,$2.00 / 100G,/shop/productdetails/520046/paldo-dosirac-lobster-noodles-king-cup
189197,Bubbleme At Home Bubble Tea Kit Royal Black Tea Flavour 280g,$5.75 ,$2.05 / 100G,/shop/productdetails/189197/bubbleme-at-home-bubble-tea-kit-royal-black-tea-flavour
307989,Arkadia Chai Spice Tea 99% Sugar Free 8 Pack,$5.40 ,$0.68 / 1EA,/shop/productdetails/307989/arkadia-chai-spice-tea-99-sugar-free
306389,Arkadia Chai Tea Honey & Ginger 99% Sugar Free 200g,$7.00 ,$3.50 / 100G,/shop/productdetails/306389/arkadia-chai-tea-honey-ginger-99-sugar-free
104317,Castania Sunflower Seeds 250g,$7.50 ,$3.00 / 100G,/shop/productdetails/104317/castania-sunflower-seeds
1074032812,DJ&A Shiitake Mushroom Crisps 225g x 2,$44.99 ,$22.50 / 1EA,/shop/productdetails/1074032812/dj-a-shiitake-mushroom-crisps-225g-x-2
151045,Nescafe Farmers Origins Capsules Colombia 10 Pack,$5.20 ,$0.52 / 1EA,/shop/productdetails/151045/nescafe-farmers-origins-capsules-colombia
803570,Patak's Butter Chicken Curry Kit 313g,$6.50 ,$2.08 / 100G,/shop/productdetails/803570/patak-s-butter-chicken-curry-kit
92928,Podravka European Foods Chicken Noodle Soup 62g,$2.75 ,$4.44 / 100G,/shop/productdetails/92928/podravka-european-foods-chicken-noodle-soup
720180,Protea Foods South African Biltong Stokkies Traditional 100g,$14.25 ,$14.25 / 100G,/shop/productdetails/720180/protea-foods-south-african-biltong-stokkies-traditional
1073910812,Truvia for Baking Brown Sweetener 320g,$8.00 ,$1.14 / 1EA,/shop/productdetails/1073910812/truvia-for-baking-brown-sweetener-320g
465120,Always Fresh Kalamata Olives Wedges 220g,$4.20 ,$19.09 / 1KG,/shop/productdetails/465120/always-fresh-kalamata-olives-wedges
242197,Delicious Dessert Mix Lemon Tart 350g,$6.50 ,$1.86 / 100G,/shop/productdetails/242197/delicious-dessert-mix-lemon-tart
60721,Green's Premium Banoffee Pudding 260g,$5.00 ,$1.92 / 100G,/shop/productdetails/60721/green-s-premium-banoffee-pudding
309532,Lavazza Espresso Barista Gran Crema Coffee Beans 500g,$12.60 ,$2.52 / 100G,/shop/productdetails/309532/lavazza-espresso-barista-gran-crema-coffee-beans
364448,Lee Kum Kee Oyster Sauce Premium 510g,$8.70 ,$1.71 / 100G,/shop/productdetails/364448/lee-kum-kee-oyster-sauce-premium
53306,Maggi Fusian Malaysian Laksa Flavour Instant Noodles 5 Pack,$5.00 ,$1.45 / 100G,/shop/productdetails/53306/maggi-fusian-malaysian-laksa-flavour-instant-noodles
193647,Macro Organic Beetroot Relish 250g,$5.00 ,$2.00 / 100G,/shop/productdetails/193647/macro-organic-beetroot-relish
238155,Marion's Kitchen Massaman Curry Paste 190g,$6.00 ,$3.16 / 100G,/shop/productdetails/238155/marion-s-kitchen-massaman-curry-paste
1073962794,Master Kong Mushroom Chicken Noodle Stew 100g*5bag x 4pack,$30.99 ,$1.55 / 100G,/shop/productdetails/1073962794/master-kong-mushroom-chicken-noodle-stew-100g-5bag-x-4pack
280876,Masterfoods Sweet Thai Style Chicken Noodles Recipe Base 175g,$2.80 ,$1.60 / 100G,/shop/productdetails/280876/masterfoods-sweet-thai-style-chicken-noodles-recipe-base
159158,Moccona Barista Reserve Blonde Roast Instant Coffee 95g,$11.50 ,$12.11 / 100G,/shop/productdetails/159158/moccona-barista-reserve-blonde-roast-instant-coffee
687061,Nescafe Gold Green And Roasted Instant Coffee 100g,$13.50 ,$13.50 / 100G,/shop/productdetails/687061/nescafe-gold-green-and-roasted-instant-coffee
676617,Queen Diamond Dates Pitted 250g,$1.10 ,$0.44 / 100G,/shop/productdetails/676617/queen-diamond-dates-pitted
1074051008,Reese's Peanut Butter Chocolate Miniature Cups Bag 150g 4x,$27.00 ,$6.75 / 1EA,/shop/productdetails/1074051008/reese-s-peanut-butter-chocolate-miniature-cups-bag-150g-4x
1074105422,Tao Kae Noi Tempura Seaweed Original 40g X 4Pack,$23.19 ,$4.64 / 1EA,/shop/productdetails/1074105422/tao-kae-noi-tempura-seaweed-original-40g-x-4pack
1073910813,Truvia for Baking Caster Sweetener 360g,$8.00 ,$16.00 / 100ML,/shop/productdetails/1073910813/truvia-for-baking-caster-sweetener-360g
117521,Wang Lao Ji 310ml X6 Pack,$7.50 ,$0.40 / 100ML,/shop/productdetails/117521/wang-lao-ji-wang-lao-ji
199383,Well & Good Gluten Free Plain Flour 1kg,$7.00 ,$7.00 / 1KG,/shop/productdetails/199383/well-good-gluten-free-plain-flour
1074025875,Arkadia Handcrafted Tea Coffee Sticky Chai Bag 1kg,$57.00 ,$5.70 / 100G,/shop/productdetails/1074025875/arkadia-handcrafted-tea-coffee-sticky-chai-bag-1kg
724841,Bokoma Pronutro Chocolate South African 500g,$7.20 ,$1.44 / 100G,/shop/productdetails/724841/bokoma-pronutro-chocolate-south-african
201371,El Cielo Totopos Blue Corn Tortilla Chips 250g,$9.00 ,$3.60 / 100G,/shop/productdetails/201371/el-cielo-totopos-blue-corn-tortilla-chips
98053,Fehlbergs Banderilla Style Platter Skewers Mixed Vegetables 310g,$3.05 ,$0.98 / 100G,/shop/productdetails/98053/fehlbergs-banderilla-style-platter-skewers-mixed-vegetables
281384,Frisp Whole Okra 425g,$2.50 ,$0.59 / 100G,/shop/productdetails/281384/frisp-whole-okra
183869,Macro Australian Manuka Honey Mgo 50 350g,$10.50 ,$3.00 / 100G,/shop/productdetails/183869/macro-australian-manuka-honey-mgo-50
171865,Buderim Ginger Sliced Naked Ginger 350g,$9.95 ,$28.43 / 1KG,/shop/productdetails/171865/buderim-ginger-ginger-sliced-naked-ginger
95464,Coco Earth Rogan Josh With Basmati Rice 400g,$4.80 ,$1.20 / 100G,/shop/productdetails/95464/coco-earth-rogan-josh-with-basmati-rice
242198,Delicious Hazelnut Praline Sauce 200g,$8.00 ,$4.00 / 100G,/shop/productdetails/242198/delicious-hazelnut-praline-sauce
798707,Espressotoria Chicco D'oro Espresso Coffee Capsules 12 Pack,$4.90 ,$0.41 / 1EA,/shop/productdetails/798707/espressotoria-chicco-d-oro-espresso-coffee-capsules
151908,Ito En Organic Matcha Green Tea Powder 12 Pack,$15.00 ,$1.25 / 1EA,/shop/productdetails/151908/ito-en-organic-matcha-green-tea-powder
283398,Mccormick Air Fryer Southern Style Crunchy Coating 90g,$2.00 ,$2.22 / 100G,/shop/productdetails/283398/mccormick-air-fryer-southern-style-crunchy-coating
290020,Sunrice Special Fried Rice 450g,$5.50 ,$1.22 / 100G,/shop/productdetails/290020/sunrice-special-fried-rice
1074046475,TRUFF Truffle Infused Spicy Lovers Sauce Pack,$124.95 ,$41.65 / 1EA,/shop/productdetails/1074046475/truff-truffle-infused-spicy-lovers-sauce-pack
162241,Bryne Co Pickled Jalapenos 1.36kg,$4.00 ,$2.94 / 1KG,/shop/productdetails/162241/bryne-co-pickled-jalapenos
1073908238,Cadbury Freddo Showbag - 12pc,$17.00 ,$17.00 / 1EA,/shop/productdetails/1073908238/cadbury-freddo-showbag-12pc
282615,Green's Gluten Free Apple & Cinnamon Muffin Mix 385g,$5.00 ,$1.30 / 100G,/shop/productdetails/282615/green-s-gluten-free-apple-cinnamon-muffin-mix
124845,Maharajah's Choice Cardamom Green Pods 50g,$4.80 ,$9.60 / 100G,/shop/productdetails/124845/maharajah-s-choice-cardamom-green-pods
143910,Mt Elephant Almond & Buckwheat Pancake Mix 230g,$6.40 ,$2.78 / 100G,/shop/productdetails/143910/mt-elephant-almond-buckwheat-pancake-mix
1073845391,Pacific Harvest Irish Moss Seaweed 36g,$10.55 ,$29.31 / 100G,/shop/productdetails/1073845391/pacific-harvest-irish-moss-seaweed-36g
1073779531,Buddha Teas Turmeric Ginger Tea 18serve,$8.00 ,$0.44 / 1EA,/shop/productdetails/1073779531/buddha-teas-turmeric-ginger-tea-18serve
728637,Capilano 100% Pure Australian Honey Organic Raw Squeeze 340g,$7.80 ,$2.29 / 100G,/shop/productdetails/728637/capilano-100-pure-australian-honey-organic-raw-squeeze
56435,Ebm Nan Khatai Classic Biscuit 116g,$1.00 ,$0.86 / 100G,/shop/productdetails/56435/ebm-nan-khatai-classic-biscuit
667709,Kushi Lychee Juice 1l,$2.95 ,$0.30 / 100ML,/shop/productdetails/667709/kushi-lychee-juice
576397,Mdh Kasoori Methi 100g,$2.50 ,$2.50 / 100G,/shop/productdetails/576397/mdh-kasoori-methi
799787,Maharajah's Choice Rice Flakes 500g,$2.20 ,$0.44 / 100G,/shop/productdetails/799787/maharajah-s-choice-rice-flakes
92393,Moccona Dark & Intense Dried Coffee 200g,$17.00 ,$8.50 / 100G,/shop/productdetails/92393/moccona-dark-intense-dried-coffee
104432,Praise Chilli Jam Mayo 250ml,$4.50 ,$1.80 / 100ML,/shop/productdetails/104432/praise-chilli-jam-mayo
233879,Praise Zesty Lemon & Cracked Pepper Mayo 250ml,$4.50 ,$1.80 / 100ML,/shop/productdetails/233879/praise-zesty-lemon-cracked-pepper-mayo
89074,Beerenberg Malaysian Kapitan Curry 240ml,$6.50 ,$2.71 / 100ML,/shop/productdetails/89074/beerenberg-malaysian-kapitan-curry
724479,Bisto Chicken Flavour Gravy Granules 170g,$8.50 ,$5.00 / 100G,/shop/productdetails/724479/bisto-chicken-flavour-gravy-granules-chicken
198657,Chi Forest Lychee 330mlx6,$11.00 ,$0.56 / 100ML,/shop/productdetails/198657/chi-forest-lychee
195187,Kellogg's Sultana Bran Hot Cross Bun Flavour 635g,$9.00 ,$1.42 / 100G,/shop/productdetails/195187/kelloggs-sultana-bran-hot-cross-bun-flavour
82406,Laucke Stoneground Rustic White Bread Mix 2.4kg,$9.80 ,$4.08 / 1KG,/shop/productdetails/82406/laucke-stoneground-rustic-white-bread-mix
805105,Tung Chun Hoisin Sauce 400g,$3.50 ,$0.88 / 100G,/shop/productdetails/805105/tung-chun-hoisin-sauce
157293,Arkadia Handcrafted Sticky Chai Loose Leaf Tea 105g,,,/shop/productdetails/157293/arkadia-handcrafted-sticky-chai-loose-leaf-tea
304181,Campos Roma Coffee Capsules 10 Pack,$7.60 ,$0.76 / 1EA,/shop/productdetails/304181/campos-roma-coffee-capsules
202445,El Cielo Totopos White Corn Tortilla Chips 250g,$9.00 ,$3.60 / 100G,/shop/productdetails/202445/el-cielo-totopos-white-corn-tortilla-chips
424700,Macro Coffee Beans Peruvian Dark 1kg,$29.00 ,$2.90 / 100G,/shop/productdetails/424700/macro-coffee-beans-peruvian-dark
1074032838,Maldon Sea Salt Flakes 1.4kg,$49.70 ,$0.36 / 10G,/shop/productdetails/1074032838/maldon-sea-salt-flakes-1-4kg
122363,Nissin Instant Miso Noodles 100g,$1.60 ,$1.60 / 100G,/shop/productdetails/122363/nissin-instant-miso-noodles
218605,Orgran Gluten Free Pasta Garden Veggie Penne 300g,$3.00 ,$1.00 / 100G,/shop/productdetails/218605/orgran-gluten-free-pasta-garden-veggie-penne
1073841794,Pacific Harvest Atlantic Dulse Seaweed Flakes  25g,$12.65 ,$50.60 / 100G,/shop/productdetails/1073841794/pacific-harvest-atlantic-dulse-seaweed-flakes-25g
1074032826,Reese's Peanut Butter Cups Miniatures 1.58kg,$49.00 ,$3.10 / 100G,/shop/productdetails/1074032826/reese-s-peanut-butter-cups-miniatures-1-58kg
19615,S&b Japanese Style Chilli Paste Tube 43g,$3.30 ,$7.67 / 100G,/shop/productdetails/19615/s-b-japanese-style-chilli-paste-tube
1073945894,The Stock Merchant Ready To Drink Chicken Bone Broth 300g x 2pack,$12.00 ,$2.00 / 100G,/shop/productdetails/1073945894/the-stock-merchant-ready-to-drink-chicken-bone-broth-300g-x-2pack
211556,Well & Good Chocolate Chip Cookie Mix Gluten Free 400g,$6.50 ,$1.63 / 100G,/shop/productdetails/211556/well-good-chocolate-chip-cookie-mix-gluten-free
250402,Archibald's Pure Australian Honey 680g,$9.90 ,$1.46 / 100G,/shop/productdetails/250402/archibald-s-pure-australian-honey
1074027962,Chacha Roasted Sunflower Seeds Coconut Flavor 228g X 4Pack,$19.99 ,$0.02 / 1G,/shop/productdetails/1074027962/chacha-roasted-sunflower-seeds-coconut-flavor-228g-x-4pack
161622,Coco Earth Butter Chicken With Naan 360g,$5.00 ,$1.39 / 100G,/shop/productdetails/161622/coco-earth-butter-chicken-with-naan
283826,Maggi Bowl Meals Asian Style Teriyaki Bowl 150g,$4.00 ,$2.67 / 100G,/shop/productdetails/283826/maggi-bowl-meals-asian-style-teriyaki-bowl
280844,Queens Natural Choc Flavouring Paste 100g,$5.00 ,$5.00 / 100G,/shop/productdetails/280844/queen-natural-queens-natural-choc-flavouring-paste
1074032883,Shwartz Chocolate Sprinkles 283g x 2,$29.99 ,$15.00 / 1EA,/shop/productdetails/1074032883/shwartz-chocolate-sprinkles-283g-x-2
1074032890,Shwartz Rainbow Non Pareil Sprinkles 283g x 2,$29.99 ,$15.00 / 1EA,/shop/productdetails/1074032890/shwartz-rainbow-non-pareil-sprinkles-283g-x-2
220941,The Rice Company Super Grain Black Rice 500g,$4.80 ,$0.96 / 100G,/shop/productdetails/220941/trc-the-rice-company-super-grain-black-rice
309679,Vittoria Black Valley Coffee Bags Extra Strong 20 Pack,$12.50 ,$0.63 / 1EA,/shop/productdetails/309679/vittoria-black-valley-coffee-bags-extra-strong
278260,Well & Good Caramel Slice 315g,$6.50 ,$2.06 / 100G,/shop/productdetails/278260/well-good-caramel-slice
182845,Cockatoo Grove Organic Australian Extra Virgin Olive Oil Classic 750ml,$18.00 ,$2.40 / 100ML,/shop/productdetails/182845/cockatoo-grove-organic-australian-extra-virgin-olive-oil-classic
290132,Green's Golden Gaytime Brownie Mix 555g,$7.00 ,$1.26 / 100G,/shop/productdetails/290132/green-s-golden-gaytime-brownie-mix
1073908201,Hello Panda Meiji Cookies n Cream Biscuits 45g - 10PK,$28.00 ,$2.80 / 1EA,/shop/productdetails/1073908201/hello-panda-meiji-cookies-n-cream-biscuits-45g-10pk
244279,Kellogg's Rice Bubbles Multigrain Berry Flavour Breakfast Cereal 450g,$8.00 ,$1.78 / 100G,/shop/productdetails/244279/kelloggs-rice-bubbles-multigrain-berry-flavour-breakfast-cereal
112750,La Morena Chipotle Pepper Adobo Sauce 100g,,,/shop/productdetails/112750/la-morena-chipotle-pepper-adobo-sauce
236131,Paldo Tofu Kimchi Snack 60g,$1.75 ,$2.92 / 100G,/shop/productdetails/236131/paldo-tofu-kimchi-snack
1073961482,Truffle Hunter Black Truffle Oil 100ml,$14.95 ,"$1,495.00 / 100ML",/shop/productdetails/1073961482/truffle-hunter-black-truffle-oil-100ml
232588,Aunt Betty's Chocolate Flavoured Creamy Rice 100g X4 Pack,$3.60 ,$0.90 / 100G,/shop/productdetails/232588/aunt-betty-s-chocolate-flavoured-creamy-rice
1073908282,Cadbury Giant Dairy Milk Freddo 35g 36pc,$38.00 ,$1.06 / 1EA,/shop/productdetails/1073908282/cadbury-giant-dairy-milk-freddo-35g-36pc
242532,Delicious Sticky Date Pudding Dessert Mix 475g,$6.50 ,$1.37 / 100G,/shop/productdetails/242532/delicious-sticky-date-pudding-dessert-mix
147734,Dollar Sweets Edible Gold Leaf 2 Sheets,$5.25 ,$2.63 / 1EA,/shop/productdetails/147734/dollar-sweets-edible-gold-leaf
1074032844,Flying Goose Sriracha Hot Chilli Sauce 835g x 2,$32.99 ,$16.50 / 1EA,/shop/productdetails/1074032844/flying-goose-sriracha-hot-chilli-sauce-835g-x-2
1073927448,Haribo Twin Snakes Gummies Bag 140g 4PK,$23.00 ,$5.75 / 1EA,/shop/productdetails/1073927448/haribo-twin-snakes-gummies-bag-140g-4pk
282253,Lian Pho Ga Vietnamese Style Instant Rice Noodles Chicken 5 Pack,$8.00 ,$13.33 / 100G,/shop/productdetails/282253/lian-pho-ga-vietnamese-style-instant-rice-noodles-chicken
752585,Mtr Ready To Eat Dal Fry 300g,$2.20 ,$0.73 / 100G,/shop/productdetails/752585/mtr-ready-to-eat-dal-fry
690361,Macro Organic Fairtrade Coffee Beans Medium 200g,$6.60 ,$3.30 / 100G,/shop/productdetails/690361/macro-organic-fairtrade-coffee-beans-medium
1073958969,Power Super Foods Cacao Nibs Raw - Origin Cert Organic 500g,$22.95 ,$22.95 / 1EA,/shop/productdetails/1073958969/power-super-foods-cacao-nibs-raw-origin-cert-organic-500g
120287,Royal Family Bubble Tea Milk Mochi 120g,$3.50 ,$2.92 / 100G,/shop/productdetails/120287/royal-family-bubble-tea-milk-mochi
221492,Tilda Katsu Curry Express Rice 250g,,,/shop/productdetails/221492/tilda-katsu-curry-express-rice
161057,Capilano 100% Pure Australian Honey Active Manuka Mgo300+ Squeeze 250g,$26.00 ,$10.40 / 100G,/shop/productdetails/161057/capilano-100-pure-australian-honey-active-manuka-mgo300-squeeze
812123,Chef's Choice Organic Pearl Barley 500g,$4.00 ,$0.80 / 100G,/shop/productdetails/812123/chef-s-choice-organic-pearl-barley
215503,Chefs Choice Organic Split Green Peas 500g,$4.00 ,$0.80 / 100G,/shop/productdetails/215503/chefs-choice-organic-split-green-peas
88972,Colmans Ingredients English Mustard 100g,$3.60 ,$3.60 / 100G,/shop/productdetails/88972/colmans-ingredients-english-mustard
210503,Dollar Sweets Love Hearts Edible Icing Decorations 8g,$3.50 ,$43.75 / 100G,/shop/productdetails/210503/dollar-sweets-love-hearts-edible-icing-decorations
573132,Mtr Poha Breakfast In A Cup 80g,$3.00 ,$3.75 / 100G,/shop/productdetails/573132/mtr-poha-breakfast-in-a-cup
238240,Masterfoods Smokey Bacon No Rules Sauce 250ml,$4.80 ,$1.92 / 100ML,/shop/productdetails/238240/masterfoods-smokey-bacon-no-rules-sauce
151201,Nescafe Farmers Origins Capsules India 10 Pack,$5.20 ,$0.52 / 1EA,/shop/productdetails/151201/nescafe-farmers-origins-capsules-india
149340,Authentic Turkish Delight Rose 250g,$5.90 ,$2.36 / 100G,/shop/productdetails/149340/authentic-turkish-delight-rose
1073908270,Cadbury Dairy Milk 12g Freddo Milky Top 72pc,$42.00 ,$0.58 / 1EA,/shop/productdetails/1073908270/cadbury-dairy-milk-12g-freddo-milky-top-72pc
1073908289,Cadbury Twirl Chocolate Caramilk 58g 42pc,$85.00 ,$2.02 / 1EA,/shop/productdetails/1073908289/cadbury-twirl-chocolate-caramilk-58g-42pc
242323,Cobram Estate Lemongrass & Ginger Extra Virgin Olive Oil 250ml,$7.70 ,$3.08 / 100ML,/shop/productdetails/242323/cobram-estate-lemongrass-ginger-extra-virgin-olive-oil
754031,Katoomba Ingredients Moong Dal 1kg,$4.70 ,$0.47 / 100G,/shop/productdetails/754031/katoomba-ingredients-moong-dal
247445,Lucky Oven Roasted Almonds 300g,$8.50 ,$28.33 / 1KG,/shop/productdetails/247445/lucky-oven-roasted-almonds
279733,Mt Elephant Chocolate Chip Cookie Mix 375g,$6.80 ,$1.81 / 100G,/shop/productdetails/279733/mt-elephant-chocolate-chip-cookie-mix
1074052486,Porthos Premium Sardine Selections Gift Box Set (Kosha approved),$63.00 ,,/shop/productdetails/1074052486/porthos-premium-sardine-selections-gift-box-set-kosha-approved-
208053,Pure Delish Macadamia & Vanilla Nut Crunch 375g,$14.00 ,$3.73 / 100G,/shop/productdetails/208053/tasti-pure-delish-macadamia-vanilla-nut-crunch
282298,Queens Salted Caramel Colour & Flavour 40g,$4.00 ,$10.00 / 100G,/shop/productdetails/282298/queen-salted-caramel-colour-and-flavour-40g-queens-salted-caramel-colour-flavour
815752,Second House Salep Pudding Mix 200g,$3.00 ,$1.50 / 100G,/shop/productdetails/815752/second-house-salep-pudding-mix
141981,Betty Crocker Gooey Salted Caramel Brownie Mix 430g,$6.00 ,$1.40 / 100G,/shop/productdetails/141981/betty-crocker-gooey-salted-caramel-brownie-mix
1073908281,Cadbury Dairy Milk Freddo 12g 72pc,$36.00 ,$0.50 / 1EA,/shop/productdetails/1073908281/cadbury-dairy-milk-freddo-12g-72pc
158982,Caffe Aurora Ground Coffee Italian Blend 1kg,$19.00 ,$1.90 / 100G,/shop/productdetails/158982/caff-aurora-ground-coffee-italian-blend
226684,Delta Chicco D'oro Ground Coffee 1kg,$15.00 ,$1.50 / 100G,/shop/productdetails/226684/delta-chicco-d-oro-ground-coffee
1073908298,Glico Pocky Stick Strawberry Biscuits 45g 10PK,$27.00 ,$2.70 / 1EA,/shop/productdetails/1073908298/glico-pocky-stick-strawberry-biscuits-45g-10pk
1073812454,Just Add Cheese Entertaining Gourmet Food Gift Hamper,$89.95 ,,/shop/productdetails/1073812454/just-add-cheese-entertaining-gourmet-food-gift-hamper
202469,Kialla Pure Organic Brown Rice Flour 400g,$6.00 ,$15.00 / 1KG,/shop/productdetails/202469/kialla-pure-organic-brown-rice-flour
309654,Lavazza Espresso Maestro Ristretto Dark Roast Nespresso Capsules 10 Pack,$4.14 ,$0.41 / 1EA,/shop/productdetails/309654/lavazza-espresso-maestro-ristretto-dark-roast-nespresso-capsules
296609,Mama Chicken Noodle 5 Pack,$6.50 ,$1.44 / 100G,/shop/productdetails/296609/mama-chicken-noodle
421762,Mama's Homestyle Ajvar Mild 290g,$8.50 ,$2.93 / 100G,/shop/productdetails/421762/mama-s-homestyle-ajvar-mild
294805,Mayver's Low Carb Protein Keto 7 Nuts & Seeds Spread 220g,$8.50 ,$3.86 / 100G,/shop/productdetails/294805/mayver-s-low-carb-protein-keto-7-nuts-seeds-spread
234086,Nature Nate's Honey Bear Australian Honey 330g,$6.00 ,$1.82 / 100G,/shop/productdetails/234086/nature-nate-s-honey-bear-australian-honey
250291,Nissin Noodle Cup Laksa 75g,$2.45 ,$3.27 / 100G,/shop/productdetails/250291/nissin-noodle-cup-laksa
720190,Protea Foods South African Biltong Stokkies Peri Peri 100g,$14.25 ,$14.25 / 100G,/shop/productdetails/720190/protea-foods-south-african-biltong-stokkies-peri-peri
282300,Queens Strawberry & Cream Colour & Flavour 40g,$4.00 ,$10.00 / 100G,/shop/productdetails/282300/queens-strwberry-cream-colour-flavour-40g-queens-strawberry-cream-colour-flavour
307259,Sacred Grounds Seeker Blend Whole Coffee Beans 500g,$20.00 ,$4.00 / 100G,/shop/productdetails/307259/sacred-grounds-seeker-blend-whole-coffee-beans
1073962822,Yun Pufa health bag infusion tea Fu Ling Jiu Wei Pu Er Tea 15pcs*4.6g,$20.79 ,$30.13 / 100G,/shop/productdetails/1073962822/yun-pufa-health-bag-infusion-tea-fu-ling-jiu-wei-pu-er-tea-15pcs-4-6g
308055,Arkadia Chai Tea Extra Spice 8 Pack,$5.40 ,$0.68 / 1EA,/shop/productdetails/308055/arkadia-chai-tea-extra-spice
164421,Beerenberg Pale Ale Mustard 150g,$4.35 ,$2.90 / 100G,/shop/productdetails/164421/beerenberg-pale-ale-mustard
81684,Betty Crocker Rainbow Chip Party Cake Mix 480g,$6.00 ,$1.25 / 100G,/shop/productdetails/81684/betty-crocker-rainbow-chip-party-cake-mix
223402,Campos Decaf Coffee Beans 500g,$29.50 ,$5.90 / 100G,/shop/productdetails/223402/campos-decaf-coffee-beans
222773,Campos Indonesia Aluminium Coffee Capsules 10 Pack,$7.60 ,$0.76 / 1EA,/shop/productdetails/222773/campos-indonesia-aluminium-coffee-capsules
828676,Creative Kitchen Mini Lady Birds Cake Decorations 32 Pack,$3.50 ,$0.11 / 1EA,/shop/productdetails/828676/creative-kitchen-mini-lady-birds-cake-decorations
280438,Lian Pho Bo Vietnamese Style Instant Rice Noodles Beef 60g X 5 Pack,$8.00 ,$13.33 / 100G,/shop/productdetails/280438/lian-pho-bo-vietnamese-style-instant-rice-noodles-beef
1074314846,"Mentos Clean Breath Mints, Peppermint, 12 Tins",$42.00 ,$10.00 / 100G,/shop/productdetails/1074314846/mentos-clean-breath-mints-peppermint-12-tins
210815,Mt Elephant Choc Chunk Wholefood Brownie Mix 350g,$6.80 ,$1.94 / 100G,/shop/productdetails/210815/mt-elephant-choc-chunk-wholefood-brownie-mix
1074031761,Nongshim Shin Instant Spicy Ramen Black 130g*4bags&nbsp; X 2Pack,$25.99 ,$13.00 / 1EA,/shop/productdetails/1074031761/nongshim-shin-instant-spicy-ramen-black-130g-4bags-nbsp-x-2pack
1074032772,Osem Pretzel Twists Salted 400g x 4,$37.49 ,$9.37 / 1EA,/shop/productdetails/1074032772/osem-pretzel-twists-salted-400g-x-4
122658,Ottogi Noodles Jin Ramen Spicy 5pk 120g X5 Pack,$7.00 ,$1.17 / 100G,/shop/productdetails/122658/ottogi-noodles-jin-ramen-spicy-5pk
1074212682,SNAXX Keto Cookies Mix 2 Pack - Bundle x 3,$22.95 ,$7.65 / 1EA,/shop/productdetails/1074212682/snaxx-keto-cookies-mix-2-pack-bundle-x-3
798036,Squeaky Gate Australian Extra Virgin Olive Oil The Strong One 750ml,$14.00 ,$1.87 / 100ML,/shop/productdetails/798036/squeaky-gate-australian-extra-virgin-olive-oil-the-strong-one
290342,Sunrice Mexican Style Rice 450g,$5.50 ,$1.22 / 100G,/shop/productdetails/290342/sunrice-mexican-style-rice
222916,"Vittoria Coffee Beans Crafted For Almond, Oat & Soy Milk 500g",$21.00 ,$4.20 / 100G,/shop/productdetails/222916/vittoria-coffee-beans-crafted-for-almond-oat-soy-milk
1074051027,Chupa Chups Sour Bites Candy Bag 193.6g 2x8pc,$25.00 ,$12.50 / 1EA,/shop/productdetails/1074051027/chupa-chups-sour-bites-candy-bag-193-6g-2x8pc
85136,Farmer Jo Gluten Free Paleo Muesli 300g,$10.00 ,$3.33 / 100G,/shop/productdetails/85136/farmer-jo-gluten-free-paleo-muesli
1073908304,Glico Pocky Stick Cookies n Cream Biscuits 40g 10PK,$27.00 ,$2.70 / 1EA,/shop/productdetails/1073908304/glico-pocky-stick-cookies-n-cream-biscuits-40g-10pk
99525,Hart & Soul Vegetable Paella 150g,$3.80 ,$2.53 / 100G,/shop/productdetails/99525/hart-soul-vegetable-paella
753946,Katoomba Mung Beans 1kg,$4.75 ,$0.48 / 100G,/shop/productdetails/753946/katoomba-mung-beans
669000,Kikkoman Manjo Mirin 300ml,$6.30 ,$2.10 / 100ML,/shop/productdetails/669000/kikkoman-manjo-mirin
211628,Mt Elephant Double Choc Superfood Cookie Mix 375g,$6.80 ,$1.81 / 100G,/shop/productdetails/211628/mt-elephant-double-choc-superfood-cookie-mix
688715,Nescafe Gold Smooth 90g,$11.50 ,$12.78 / 100G,/shop/productdetails/688715/nescafe-gold-smooth
828196,Nissin Noodle Bowl Xo Seafood 110g,$2.60 ,$1.95 / 100G,/shop/productdetails/828196/nissin-noodle-bowl-xo-seafood
1073750650,Wiltshire Slice & Brownie Pan Pink,$15.00 ,$7.50 / 1EA,/shop/productdetails/1073750650/wiltshire-slice-brownie-pan-pink
691119,Fehlbergs Chipotle Cucumbers 470g,$5.00 ,$1.06 / 100G,/shop/productdetails/691119/fehlbergs-chipotle-cucumbers
1073962969,Haday Gold Standard Soy Sauce 1.75L X 2Pack,$26.19 ,$0.75 / 100ML,/shop/productdetails/1073962969/haday-gold-standard-soy-sauce-1-75l-x-2pack
282543,Lakanto Golden Monkfruit Sweetener 500g,$16.00 ,$3.20 / 100G,/shop/productdetails/282543/lakanto-golden-monkfruit-sweetener
1073779748,Locako Cookie Dough Choc Chip 120g,$13.49 ,$11.24 / 100G,/shop/productdetails/1073779748/locako-cookie-dough-choc-chip-120g
724056,Mckenzie's Baking Aids Gelatine Leaves 20g,$5.65 ,$28.25 / 100G,/shop/productdetails/724056/mckenzie-s-baking-aids-gelatine-leaves
111298,Mckenzie's Whole Black Peppercorns Grinder 200g,$8.50 ,$0.43 / 10G,/shop/productdetails/111298/mckenzie-s-whole-black-peppercorns-grinder
212382,Mt Elephant Choc Chunk Wholefood Blondie Mix 350g,$6.80 ,$1.94 / 100G,/shop/productdetails/212382/mt-elephant-choc-chunk-wholefood-blondie-mix
520192,Paldo Dosirac Spicy Seafood Noodles King Cup 110g,$2.20 ,$2.00 / 100G,/shop/productdetails/520192/paldo-dosirac-spicy-seafood-noodles-king-cup
300886,Starbucks By Nespresso Blonde Roast Coffee Capsules 36 Pack,$22.00 ,$0.61 / 1EA,/shop/productdetails/300886/starbucks-by-nespresso-blonde-roast-coffee-capsules
1074051127,Sunkist Mixed Fruit 184g Candy Lollies 2pk,$18.00 ,$9.00 / 1EA,/shop/productdetails/1074051127/sunkist-mixed-fruit-184g-candy-lollies-2pk
1074046476,TRUFF Black Truffle Infused Truffle Lovers Oil & Sauce Pack,$119.95 ,$39.98 / 1EA,/shop/productdetails/1074046476/truff-black-truffle-infused-truffle-lovers-oil-sauce-pack
1074034723,Ahoy Nuts Pine Nuts 200g X 3Pack,$57.99 ,$19.33 / 1EA,/shop/productdetails/1074034723/ahoy-nuts-pine-nuts-200g-x-3pack
691212,Always Fresh Garlic Olives 230g,$6.00 ,$26.09 / 1KG,/shop/productdetails/691212/always-fresh-garlic-olives
173622,Angas Park Apricots 375g,$13.00 ,$34.67 / 1KG,/shop/productdetails/173622/angas-park-apricots
193894,Benino Red Roasted Peppers 465g,$5.00 ,$1.08 / 100G,/shop/productdetails/193894/benino-red-roasted-peppers
1074050953,Cadbury Dairy Milk Chocolate Milky Top Freddo Share Pack 144g 3x 12pc,$24.00 ,$8.00 / 1EA,/shop/productdetails/1074050953/cadbury-dairy-milk-chocolate-milky-top-freddo-share-pack-144g-3x-12pc
1074050963,Cadbury Freddo Chocolate Sharepack 144g 3x 12pc,$24.00 ,$8.00 / 1EA,/shop/productdetails/1074050963/cadbury-freddo-chocolate-sharepack-144g-3x-12pc
1073962814,Coconut Tree Coconut Juice 245mlx6Pack,$20.99 ,$14.58 / 1L,/shop/productdetails/1073962814/coconut-tree-coconut-juice-245mlx6pack
1074025912,Foda Certified Organic Canned Chickpeas Vegan 12pc 400g,$32.00 ,$2.67 / 1EA,/shop/productdetails/1074025912/foda-certified-organic-canned-chickpeas-vegan-12pc-400g
40382,Indomie Instant Noodles Chicken Curry Flavour 80g,$1.00 ,$1.25 / 100G,/shop/productdetails/40382/indomie-instant-noodles-chicken-curry-flavour
667760,Kushi Pink Guava Juice 1l,$2.95 ,$0.30 / 100ML,/shop/productdetails/667760/kushi-pink-guava-juice
155245,Marco Polo European Foods White Beans 375g,$2.95 ,$0.79 / 100G,/shop/productdetails/155245/marco-polo-european-foods-white-beans
1074025903,Rivsalt The Dining Table Essentials Grater/Holder w/ Rock Salt & Peppers 2pc,$55.00 ,$55.00 / 1EA,/shop/productdetails/1074025903/rivsalt-the-dining-table-essentials-grater-holder-w-rock-salt-peppers-2pc
1074315644,Tabasco Buffalo Style Pepper Sauce 1.89L (Box of 2),$150.00 ,$3.79 / 100ML,/shop/productdetails/1074315644/tabasco-buffalo-style-pepper-sauce-1-89l-box-of-2-
174871,Walkers Monster Munch Pickled Onion 40g,,,/shop/productdetails/174871/walkers-monster-munch-pickled-onion-27
1073751580,Wiltshire Icing Smoother,$17.00 ,,/shop/productdetails/1073751580/wiltshire-icing-smoother
1074034707,12 Summer Milk Wine Porridge Cake Flavour 252g*6pcs/ctn,$41.99 ,$7.00 / 1EA,/shop/productdetails/1074034707/12-summer-milk-wine-porridge-cake-flavour-252g-6pcs-ctn
1074114336,Artisanale Chocolate - Easter Egg - Hazelnut Coconut - Milk Chocolate 41%,$55.00 ,$36.67 / 100G,/shop/productdetails/1074114336/artisanale-chocolate-easter-egg-hazelnut-coconut-milk-chocolate-41-
1074114341,Artisanale Chocolate - Egg - Dragon - Red - Dark Chocolate 67%,$74.00 ,$12.33 / 100G,/shop/productdetails/1074114341/artisanale-chocolate-egg-dragon-red-dark-chocolate-67-
1074114342,Artisanale Chocolate - Egg - Dragon - Red - Milk Chocolate 41%,$74.00 ,$12.33 / 100G,/shop/productdetails/1074114342/artisanale-chocolate-egg-dragon-red-milk-chocolate-41-
1074051102,Cadbury 168g Dairy Milk Chocolate Twirl Sharepack 3x12pc,$26.00 ,$8.67 / 1EA,/shop/productdetails/1074051102/cadbury-168g-dairy-milk-chocolate-twirl-sharepack-3x12pc
60136,Cadbury Dairy Milk Chocolate Bar 45g,$2.50 ,$5.56 / 100G,/shop/productdetails/60136/cadbury-dairy-milk-chocolate-bar
1073908294,Cadbury Freddo Chocolate Faces 150g 3PK,$23.00 ,$7.67 / 1EA,/shop/productdetails/1073908294/cadbury-freddo-chocolate-faces-150g-3pk
1074082981,Chocolate Works - Chilli Bliss Bar - 10 Pack - 100 grams,$50.00 ,$5.00 / 1EA,/shop/productdetails/1074082981/chocolate-works-chilli-bliss-bar-10-pack-100-grams
1074252212,Edlyn Drinking Chocolate Gluten Free 2Kg,$49.46 ,,/shop/productdetails/1074252212/edlyn-drinking-chocolate-gluten-free-2kg
221810,Fine Fettle Zucchini Noodles 20g,$7.00 ,$35.00 / 100G,/shop/productdetails/221810/fine-fettle-zucchini-noodles
1073865636,Golden Wattle Chamomile Paradise 50g,$15.00 ,$30.00 / 100G,/shop/productdetails/1073865636/golden-wattle-chamomile-paradise-50g
1073865607,Golden Wattle Four Tea Gift Box For Her 4pack,$52.80 ,,/shop/productdetails/1073865607/golden-wattle-four-tea-gift-box-for-her-4pack
1074046084,HaoHuanLuo Luo Si Fen Liuzhou Snail Rice Noodles 400g*10Bags,$82.99 ,$8.30 / 1EA,/shop/productdetails/1074046084/haohuanluo-luo-si-fen-liuzhou-snail-rice-noodles-400g-10bags
1073837681,Hemp Oz Soothing Tea - Digest (Gut Health) 85G,$18.95 ,$22.29 / 100G,/shop/productdetails/1073837681/hemp-oz-soothing-tea-digest-gut-health-85g
1073944625,Ideal Aussie Gift Hamper - No Alcohol,$100.00 ,,/shop/productdetails/1073944625/ideal-aussie-gift-hamper-no-alcohol
1074025785,Illy Classico 100% Arabica Esspresso Classic Roast Coffe Bean 1.5kg,$127.00 ,,/shop/productdetails/1074025785/illy-classico-100-arabica-esspresso-classic-roast-coffe-bean-1-5kg
1073972406,Jomeis Fine Foods The Cravings Fixer Bundle - 360 g,$44.95 ,$44.95 / 1EA,/shop/productdetails/1073972406/jomeis-fine-foods-the-cravings-fixer-bundle-360-g
204690,Kialla Pure Ancient Seeds & Grain Mix 450g,$7.00 ,$1.56 / 100G,/shop/productdetails/204690/kialla-pure-ancient-seeds-grain-mix
1074032756,Liebers Ground Cinnamon 85g x 3,$26.99 ,$9.00 / 1EA,/shop/productdetails/1074032756/liebers-ground-cinnamon-85g-x-3
1074051184,Nostalgic Art Mint Tin Box HarleyDavidson Riders Only Hard Candy 6cm 2PK,$23.00 ,$11.50 / 1EA,/shop/productdetails/1074051184/nostalgic-art-mint-tin-box-harleydavidson-riders-only-hard-candy-6cm-2pk
1074051222,Nostalgic Art Mint Tin Box VW Meet The Classics Hard Candy Mints 6cm 2pk,$23.00 ,$11.50 / 1EA,/shop/productdetails/1074051222/nostalgic-art-mint-tin-box-vw-meet-the-classics-hard-candy-mints-6cm-2pk
8317,Old El Paso Bulk Hard & Soft Kit Mexican Style 560g,$12.00 ,$2.14 / 100G,/shop/productdetails/8317/old-el-paso-bulk-hard-soft-kit-mexican-style
1074324775,Organic Broccoli Garden Plant Vegetable Seeds,$18.00 ,$18.00 / 1EA,/shop/productdetails/1074324775/organic-broccoli-garden-plant-vegetable-seeds
1074324669,Organic Mignonette Lettuce Red Garden Plant Seeds,$18.00 ,$18.00 / 1EA,/shop/productdetails/1074324669/organic-mignonette-lettuce-red-garden-plant-seeds
803477,Otafuku Okonomi Sauce 300ml,$6.50 ,$2.17 / 100ML,/shop/productdetails/803477/otafuku-okonomi-sauce
1074090014,S&B Golden Curry Mix Hot 220g X 4Pack,$28.99 ,$5.80 / 1EA,/shop/productdetails/1074090014/s-b-golden-curry-mix-hot-220g-x-4pack
1074090011,S&B Golden Curry Mix Medium Hot 92g X 4Pack,$27.59 ,$5.52 / 1EA,/shop/productdetails/1074090011/s-b-golden-curry-mix-medium-hot-92g-x-4pack
1074114484,S&B Golden Curry Mix Mild 92g X 4Pack,$22.49 ,$4.50 / 1EA,/shop/productdetails/1074114484/s-b-golden-curry-mix-mild-92g-x-4pack
1074371562,SNAXX Keto Crumb - Herb & Garlic - 4 Pack - Bundle x 2,$23.90 ,$11.95 / 1EA,/shop/productdetails/1074371562/snaxx-keto-crumb-herb-garlic-4-pack-bundle-x-2
1074032847,Shneider's Candy Planet Fizz Vegan Gummy Bears 150g x 4,$29.99 ,$7.50 / 1EA,/shop/productdetails/1074032847/shneider-s-candy-planet-fizz-vegan-gummy-bears-150g-x-4
1073991846,Surasang Traditional Cookie Biscuit Seaweed Flavour 740g X 4Pack,$58.59 ,$1.98 / 100G,/shop/productdetails/1073991846/surasang-traditional-cookie-biscuit-seaweed-flavour-740g-x-4pack
1074046480,TRUFF Truffle Infused Hot Sauce Variety Pack Gluten Free 170g x 3,$124.95 ,$24.50 / 100G,/shop/productdetails/1074046480/truff-truffle-infused-hot-sauce-variety-pack-gluten-free-170g-x-3
1074046477,TRUFF Ultimate Truffle Infused Hot Sauce Pack Gluten Free 170g x 3,$109.95 ,$64.68 / 100G,/shop/productdetails/1074046477/truff-ultimate-truffle-infused-hot-sauce-pack-gluten-free-170g-x-3
1074314839,Tabasco Green Pepper Sauce 1.89L (Box of 2),$150.00 ,$3.79 / 100ML,/shop/productdetails/1074314839/tabasco-green-pepper-sauce-1-89l-box-of-2-
1074023406,Tastebuds Dream Baby Boy Belgian Chocolate Bouquet,$65.00 ,,/shop/productdetails/1074023406/tastebuds-dream-baby-boy-belgian-chocolate-bouquet
1074089070,Tastebuds Grand Heart Handheld Chocolate Bouquet,$99.00 ,,/shop/productdetails/1074089070/tastebuds-grand-heart-handheld-chocolate-bouquet
1073961481,Truffle Hunter White Truffle Oil 100ml,$14.95 ,,/shop/productdetails/1073961481/truffle-hunter-white-truffle-oil-100ml
1073958724,Tweed Real Food Cookies and Crumble Baking Blend 150g,$30.95 ,$20.63 / 100G,/shop/productdetails/1073958724/tweed-real-food-cookies-and-crumble-baking-blend-150g
1073933833,Undivided Food Co Good Bones To Go Certified Organic Beef Bone Broth 8x250ml,$63.00 ,$3.15 / 100ML,/shop/productdetails/1073933833/undivided-food-co-good-bones-to-go-certified-organic-beef-bone-broth-8x250ml
310815,Vittoria Mountain Grown Coffee Capsules 20 Pack,$13.00 ,$0.65 / 1EA,/shop/productdetails/310815/vittoria-mountain-grown-coffee-capsules
307547,Arkadia Chai Tea Vanilla 99% Sugar Free 8 Pack,$5.40 ,$0.68 / 1EA,/shop/productdetails/307547/arkadia-chai-tea-vanilla-99-sugar-free
203820,Carman's Cholesterol Lowering Australian Oats 500g,,,/shop/productdetails/203820/carman-s-cholesterol-lowering-australian-oats
262849,Cobram Estate Garlic Infused Spray 225g,$6.00 ,$2.67 / 100G,/shop/productdetails/262849/cobram-estate-garlic-infused-spray
235558,Fehlbergs Gin & Tonic Flavoured Cucumbers 230g,$4.80 ,$2.09 / 100G,/shop/productdetails/235558/fehlbergs-gin-tonic-flavoured-cucumbers
236809,Fehlbergs Martini Flavoured Olives 230g,$4.80 ,$2.09 / 100G,/shop/productdetails/236809/fehlbergs-martini-flavoured-olives
239860,Green's Mini Lemon Cheesecake Mix 275g,$5.00 ,$1.82 / 100G,/shop/productdetails/239860/green-s-mini-lemon-cheesecake-mix
1073924898,Hubba Bubba Showbag 6pc,$23.00 ,$23.00 / 1EA,/shop/productdetails/1073924898/hubba-bubba-showbag-6pc
113929,La Morena Red Mexican Salsa 230g,,,/shop/productdetails/113929/la-morena-red-mexican-salsa
153332,Madura Te Chai Leaf Tea 170g,$11.50 ,$6.76 / 100G,/shop/productdetails/153332/madura-te-chai-leaf-tea
122365,Nissin Instant Noodles Spicy 100g,$1.60 ,$1.60 / 100G,/shop/productdetails/122365/nissin-instant-noodles-spicy
781482,Sunstone Balsamic Vinegar Caramelised 250ml,$16.90 ,$6.76 / 100ML,/shop/productdetails/781482/sunstone-balsamic-vinegar-caramelised
289233,Boy Bawang Cornick Garlic Flavoured Chips 90g,$1.30 ,$1.44 / 100G,/shop/productdetails/289233/boy-bawang-corn-cornick-garlic-90g-boy-bawang-cornick-garlic-flavoured-chips
1074252206,Caterers Choice Pine Nut Kernels Small 1Kg,$136.96 ,$136.96 / 1KG,/shop/productdetails/1074252206/caterers-choice-pine-nut-kernels-small-1kg
232563,Hellmann's Light Mayonnaise Jar 400g,$7.50 ,$1.88 / 100G,/shop/productdetails/232563/hellmann-s-light-mayonnaise-jar
364822,Koh Kae Snacks Peanuts Coconut Coated 265g,$4.30 ,$16.23 / 1KG,/shop/productdetails/364822/koh-kae-snacks-peanuts-coconut-coated
260587,Masterfoods Garlic Granules 45g,$3.15 ,$0.70 / 10G,/shop/productdetails/260587/masterfoods-garlic-granules
827637,Meiji Hellopanda Large Biscuits Chocolate 260g,$10.25 ,$3.94 / 100G,/shop/productdetails/827637/meiji-hellopanda-large-biscuits-chocolate
277540,Minor Figures Barista Oat Low Sugar Milk 1l,$4.40 ,$4.40 / 1L,/shop/productdetails/277540/minor-figures-barista-oat-low-sugar-milk
1074032849,Oreo Cookies Variety 8 Pack 1092g Total,$32.99 ,$4.12 / 1EA,/shop/productdetails/1074032849/oreo-cookies-variety-8-pack-1092g-total
284786,Pana Organic Mylk Baking Block 80g,$5.25 ,$6.56 / 100G,/shop/productdetails/284786/pana-organic-mylk-baking-block
1073780598,Vego Fine Hazelnut Chocolate Melts,$10.95 ,$6.08 / 100G,/shop/productdetails/1073780598/vego-fine-hazelnut-chocolate-melts
1073750548,Wiltshire Professional Piping Set,$19.00 ,$9.50 / 1EA,/shop/productdetails/1073750548/wiltshire-professional-piping-set
1074025866,Allen's Red Frogs Raspberry Lolly Bag 1.3kg,$28.00 ,$2.15 / 100G,/shop/productdetails/1074025866/allen-s-red-frogs-raspberry-lolly-bag-1-3kg
764104,Cadbury Double Decker Chocolate 54.5g,$2.00 ,$3.67 / 100G,/shop/productdetails/764104/cadbury-double-decker-chocolate
1074028032,Chacha Roasted Sunflower Seeds Five Spiced Flavor 228g X 4Pack,$19.99 ,$0.02 / 1G,/shop/productdetails/1074028032/chacha-roasted-sunflower-seeds-five-spiced-flavor-228g-x-4pack
363746,Daim Bar 28g,$2.75 ,$9.82 / 100G,/shop/productdetails/363746/daim-bar
210555,Dollar Sweets Edible Candy Eyeball 25g,$3.00 ,$12.00 / 100G,/shop/productdetails/210555/dollar-sweets-edible-candy-eyeball
754098,Haldiram's Gulab Jamun 1kg,$6.50 ,$0.65 / 100G,/shop/productdetails/754098/haldiram-s-gulab-jamun
175645,Hemp Organic Gold Seed Oil 250ml,$12.00 ,$4.80 / 100ML,/shop/productdetails/175645/hemp-organic-gold-seed-oil
1074047237,Kakawa Chocolates 10 Hot Chocolate Bomb & 8 Spread,$82.00 ,,/shop/productdetails/1074047237/kakawa-chocolates-10-hot-chocolate-bomb-8-spread
74792,La Molisana Pastificio Extra Di Lusso Fusilloni Superiori 500g,$5.50 ,$1.10 / 100G,/shop/productdetails/74792/la-molisana-pastificio-extra-di-lusso-fusilloni-superiori
753085,Mtr Ready To Eat Bhindhi Masala 300g,$2.20 ,$0.73 / 100G,/shop/productdetails/753085/mtr-ready-to-eat-bhindhi-masala
193649,Macro Organic Corn Relish 250g,$5.00 ,$2.00 / 100G,/shop/productdetails/193649/macro-organic-corn-relish
431113,Maharajah's Choice Besan Flour 1kg,$4.70 ,$4.70 / 1KG,/shop/productdetails/431113/maharajah-s-choice-besan-flour
277561,Mt Elephant Rasberry & Whyte Chocolate Blondie Mix 350g,$6.80 ,$1.94 / 100G,/shop/productdetails/277561/mt-elephant-rasberry-whyte-chocolate-blondie-mix
44917,Negrita Ground Coffee Turkish Dark Roast 200g,$5.50 ,$2.75 / 100G,/shop/productdetails/44917/negrita-ground-coffee-turkish-dark-roast
1073778678,Niulife Cocomino Coconut Amino Sauce Original 250ml,$11.95 ,$4.78 / 100ML,/shop/productdetails/1073778678/niulife-cocomino-coconut-amino-sauce-original-250ml
479230,Nuh'un Capellini Tel Sehriye Pasta 500g,$2.00 ,$0.40 / 100G,/shop/productdetails/479230/nuh-un-capellini-tel-sehriye-pasta
159898,Caffe Aurora Ground Coffee Italian Blend 500g,$11.00 ,$2.20 / 100G,/shop/productdetails/159898/caff-aurora-ground-coffee-italian-blend
181780,Carman's Aussie Oat Clusters Raspberry Crunch 500g,$6.90 ,$1.38 / 100G,/shop/productdetails/181780/carman-s-aussie-oat-clusters-raspberry-crunch
85139,Donna Hay Fudgy Chocolate Cake Gluten Free Mix 570g,$7.50 ,$1.32 / 100G,/shop/productdetails/85139/donna-hay-fudgy-chocolate-cake-gluten-free-mix
212724,Green's Supreme Carrot Cake 600g,$5.00 ,$0.83 / 100G,/shop/productdetails/212724/green-s-supreme-carrot-cake
203811,Kialla Organic Stoneground Wholegrain Plain Flour 450g,$5.00 ,$11.11 / 1KG,/shop/productdetails/203811/kialla-pure-kialla-organic-stoneground-wholegrain-plain-flour
1074027187,Luobawang Instant Snail Mushroom Flavor Rice Noodles 400g X 3Pack,$23.49 ,$1.96 / 100G,/shop/productdetails/1074027187/luobawang-instant-snail-mushroom-flavor-rice-noodles-400g-x-3pack
720163,Protea Foods Biltong Slices Traditional South African 100g,$10.40 ,$10.40 / 100G,/shop/productdetails/720163/protea-foods-biltong-slices-traditional-south-african
283953,Queens Natural White Choc Paste 100g,$5.00 ,$5.00 / 100G,/shop/productdetails/283953/queen-natural-white-choc-flavouring-paste-100g-queens-natural-white-choc-paste
290333,Sunrice Chicken Style Rice 450g,$5.50 ,$1.22 / 100G,/shop/productdetails/290333/sunrice-chicken-style-rice
1074046469,TRUFF Black Truffle Infused Olive Oil Gluten Free 177ml,$45.95 ,$25.96 / 100ML,/shop/productdetails/1074046469/truff-black-truffle-infused-olive-oil-gluten-free-177ml
1073961038,Aftershocks Showbag,$18.00 ,,/shop/productdetails/1073961038/aftershocks-showbag
32842,Always Fresh Olives Stuffed 450g,$4.80 ,$10.67 / 1KG,/shop/productdetails/32842/always-fresh-olives-stuffed
1074028076,Chacha Roasted Sunflower Seeds Original Flavor 228g&nbsp;X 4Pack,$19.99 ,$21.92 / 1KG,/shop/productdetails/1074028076/chacha-roasted-sunflower-seeds-original-flavor-228g-nbsp-x-4pack
160120,Coco Earth Chicken Singapore Noodles 300g,$4.80 ,$1.60 / 100G,/shop/productdetails/160120/coco-earth-chicken-singapore-noodles
717036,Dimes Beverages Pomegranate Juice 1l,$3.30 ,$3.30 / 1L,/shop/productdetails/717036/dimes-beverages-pomegranate-juice
210557,Green's Choc Chip Cookies 40% Less Sugar 350g,$5.00 ,$1.43 / 100G,/shop/productdetails/210557/green-s-choc-chip-cookies-40-less-sugar
356673,Mtr Ready To Eat Dal Makhani 300g,$2.20 ,$0.73 / 100G,/shop/productdetails/356673/mtr-ready-to-eat-dal-makhani
285078,Natvia Sugar Fix'd Natural Sweetener 660g,$11.50 ,$1.74 / 100G,/shop/productdetails/285078/natvia-sugar-fix-d-natural-sweetener
1074027190,S&B Japanese Curry Pieces Original 220g X 2Pack,$17.00 ,$3.86 / 100G,/shop/productdetails/1074027190/s-b-japanese-curry-pieces-original-220g-x-2pack
1074032818,Tabasco Pepper Sauce 350ml x 2,$48.99 ,$24.50 / 1EA,/shop/productdetails/1074032818/tabasco-pepper-sauce-350ml-x-2
1073908266,Wonka Nerds Theatre Box - Grape & Strawberry 141g 2PK,$17.00 ,$8.50 / 1EA,/shop/productdetails/1073908266/wonka-nerds-theatre-box-grape-strawberry-141g-2pk
244297,Buderim Ginger Baking Bits 100g,$3.30 ,$3.30 / 100G,/shop/productdetails/244297/buderim-ginger-ginger-baking-bits
63582,Calbee Potato Chips Pizza Flavoured 55g,$3.50 ,$6.36 / 100G,/shop/productdetails/63582/calbee-potato-chips-pizza-flavoured
181965,Carman's Aussie Oat Clusters Apple 500g,$6.90 ,$1.38 / 100G,/shop/productdetails/181965/carman-s-aussie-oat-clusters-apple
219990,Ceres Organic Sliced Beetroot No Added Sugar 330g,$5.00 ,$1.52 / 100G,/shop/productdetails/219990/ceres-organic-sliced-beetroot-no-added-sugar
691960,Fehlbergs Sliced Jalapenos 1.95kg,$12.00 ,$6.15 / 1KG,/shop/productdetails/691960/fehlbergs-sliced-jalapenos
1073963980,Grass Roots Organic Green Leaf Stevia Powder 250g,$12.95 ,$161.88 / 100G,/shop/productdetails/1073963980/grass-roots-organic-green-leaf-stevia-powder-250g
280031,Green's Vanilla Bean Cake Mix 555g,$5.00 ,$0.90 / 100G,/shop/productdetails/280031/green-s-vanilla-bean-cake-mix
46787,Hoyt's Bouquet Garni 5g,$2.60 ,$5.20 / 10G,/shop/productdetails/46787/hoyt-s-bouquet-garni
246774,Lucky Natural Pine Nuts 110g,$9.50 ,$8.64 / 100G,/shop/productdetails/246774/lucky-natural-pine-nuts
1073834000,Pbco Almond Flour Premium Australian 800g,$24.95 ,$24.95 / 1EA,/shop/productdetails/1073834000/pbco-almond-flour-premium-australian-800g
816023,Puck Cream Cheese 500g,$11.00 ,$2.20 / 100G,/shop/productdetails/816023/puck-cream-cheese
661829,Famous House Mango Milk 500ml,$2.60 ,$5.20 / 1L,/shop/productdetails/661829/famous-house-mango-milk
724090,Jamie Oliver Italian Herb Pesto Italian Herb 190g,$4.50 ,$2.37 / 100G,/shop/productdetails/724090/jamie-oliver-italian-herb-pesto-italian-herb
754002,Katoomba Chickpeas 1kg,$3.50 ,$0.35 / 100G,/shop/productdetails/754002/katoomba-chickpeas
309662,Lavazza Tales Of Italy Eternal Roma Coffee Beans 500g,$15.00 ,$3.00 / 100G,/shop/productdetails/309662/lavazza-tales-of-italy-eternal-roma-coffee-beans
112953,Lucky Flaked Almonds 230g,$8.00 ,$34.78 / 1KG,/shop/productdetails/112953/lucky-flaked-almonds
279039,Mt Elephant Buttermylk Wholefood Pancake Mix 230g,$6.40 ,$2.78 / 100G,/shop/productdetails/279039/mt-elephant-buttermylk-wholefood-pancake-mix
222757,Quarterpast Iced Coffee Beverage Concentrate Original 360ml,$6.75 ,$18.75 / 1L,/shop/productdetails/222757/quarterpast-iced-coffee-beverage-concentrate-original
282544,Delicious New York Style Bagels 403g,$6.50 ,$1.61 / 100G,/shop/productdetails/282544/delicious-new-york-style-bagels
282514,Lakanto No Added Sugar Vanilla Cupcake Mix 360g,$4.90 ,$1.36 / 100G,/shop/productdetails/282514/lakanto-no-added-sugar-vanilla-cupcake-mix
142989,Laucke Wholemeal Bread Mix 2.4kg,$9.80 ,$4.08 / 1KG,/shop/productdetails/142989/laucke-wholemeal-bread-mix
1073908198,Mentos Single Serve Pillowpack Spearmint Bulk Bag 540g 200pc,$22.00 ,$0.11 / 1EA,/shop/productdetails/1073908198/mentos-single-serve-pillowpack-spearmint-bulk-bag-540g-200pc
279738,Pana Organic Dark Choc Baking 80g,$5.25 ,$6.56 / 100G,/shop/productdetails/279738/pana-organic-dark-choc-baking
169388,The Gourmet Specialists Classic Sticky Balsamic Vinegar 250ml,$9.00 ,$3.60 / 100ML,/shop/productdetails/169388/the-gourmet-specialists-classic-sticky-balsamic-vinegar
222433,The Rice Company One Pot Rice With Lentils & Quinoa 200g,$4.00 ,$2.00 / 100G,/shop/productdetails/222433/trc-the-rice-company-one-pot-rice-with-lentils-quinoa
37483,Truvia Stevia Granules 270g,$7.20 ,$2.67 / 100G,/shop/productdetails/37483/truvia-stevia-granules
307057,Campos Chapel Street Coffee Capsules 10 Pack,$7.60 ,$0.76 / 1EA,/shop/productdetails/307057/campos-chapel-street-coffee-capsules
208879,"Carman's Grain Free Granola Raspberry, Blueberry & Cranberry 400g",$16.00 ,$4.00 / 100G,/shop/productdetails/208879/carman-s-grain-free-granola-raspberry-blueberry-cranberry
1074314835,"Chupa Chups XXL Trio, 20 Lollipops",$30.00 ,$5.17 / 100G,/shop/productdetails/1074314835/chupa-chups-xxl-trio-20-lollipops
199607,Gran Luchito Tinga Taco Simmer Sauce 300g,$8.00 ,$2.67 / 100G,/shop/productdetails/199607/gran-luchito-tinga-taco-simmer-sauce
143232,Green's 40% Less Sugar Chocolate Brownies 400g,$5.00 ,$1.25 / 100G,/shop/productdetails/143232/green-s-40-less-sugar-chocolate-brownies
1073927457,Grill Society Tennessee Original BBQ Sauce 280g,$17.00 ,$6.07 / 100G,/shop/productdetails/1073927457/grill-society-tennessee-original-bbq-sauce-280g
828176,Lee Kum Kee Soup Base For Chicken Hot Pot Chicken Soup Hot Pot 60g,$2.20 ,$3.67 / 100G,/shop/productdetails/828176/lee-kum-kee-soup-base-for-chicken-hot-pot-chicken-soup-hot-pot
1073959574,Pukka Herbs ChamomileVanilla Manuka Honey Tea 2x20packs,$17.90 ,$0.45 / 1EA,/shop/productdetails/1073959574/pukka-herbs-chamomilevanilla-manuka-honey-tea-2x20packs
201875,The Dutch Company Double Salt Licorice 100g,$3.00 ,$3.00 / 100G,/shop/productdetails/201875/the-dutch-company-double-salt-licorice
235063,The Han Kitchen Budae Ramyun 4 Pack,$10.50 ,$2.21 / 100G,/shop/productdetails/235063/han-kitchen-the-han-kitchen-budae-ramyun
1073908245,The Natural Confectionery Co. 1kg Party Mix Refresh Lollies 2PK,$32.00 ,$16.00 / 1EA,/shop/productdetails/1073908245/the-natural-confectionery-co-1kg-party-mix-refresh-lollies-2pk
278362,Well & Good Crumble Mix 400g,$6.50 ,$1.63 / 100G,/shop/productdetails/278362/well-good-crumble-mix
1073750950,Wiltshire Quiche Pan 24cm Pink,$15.00 ,,/shop/productdetails/1073750950/wiltshire-quiche-pan-24cm-pink
189524,Bubbleme At Home Bubble Tea Kit Matcha Flavour 280g,$5.75 ,$2.05 / 100G,/shop/productdetails/189524/bubbleme-at-home-bubble-tea-kit-matcha-flavour
233240,Awona Quail Eggs 400g,$3.80 ,$0.95 / 100G,/shop/productdetails/233240/awona-quail-eggs
143976,Donna Hay Tangy Lemon Yoghurt Cake 500g,$7.00 ,$1.27 / 100G,/shop/productdetails/143976/donna-hay-tangy-lemon-yoghurt-cake
828060,Lee Kum Kee Chili Oil Chiu Chow 205g,$5.10 ,$2.49 / 100G,/shop/productdetails/828060/lee-kum-kee-chili-oil-chiu-chow
674629,Lo-fo Pantry Low Fodmap Plain Flour 1kg,$5.00 ,$5.00 / 1KG,/shop/productdetails/674629/lo-fo-pantry-low-fodmap-plain-flour
282622,Maggi Bowl Meals Smoky Bbq Bowl 150g,$4.00 ,$2.67 / 100G,/shop/productdetails/282622/maggi-bowl-meals-smoky-bbq-bowl
660194,Mcdonnells Curry Sauce Tub 250g,$10.00 ,$4.00 / 100G,/shop/productdetails/660194/mcdonnells-curry-sauce-tub
212377,Mt Elephant Banana Oat Superfood Cookie Mix 375g,$6.80 ,$1.81 / 100G,/shop/productdetails/212377/mt-elephant-banana-oat-superfood-cookie-mix
1073961059,Super Sour Showbag,$35.00 ,,/shop/productdetails/1073961059/super-sour-showbag
1073751282,Wiltshire 6 Cup Easy Bake Texas Muffin Pan,$17.00 ,,/shop/productdetails/1073751282/wiltshire-6-cup-easy-bake-texas-muffin-pan
1073908310,Beacon Fizzer Showbag 2020 - 27pc,$18.00 ,$18.00 / 1EA,/shop/productdetails/1073908310/beacon-fizzer-showbag-2020-27pc
1073944521,Boulder Canyon Avocado Oil Classic Sea Salt 149g 2pack,$17.00 ,$5.70 / 100G,/shop/productdetails/1073944521/boulder-canyon-avocado-oil-classic-sea-salt-149g-2pack
290949,Chatime Bubble Milk Tea Kit 4 Pack,$10.00 ,$2.50 / 1EA,/shop/productdetails/290949/chatime-bubble-milk-tea-kit
1074314847,"Chupa Chups 3D Fizzy Soft Drinks Lollipops Box, 45 Pack",$37.50 ,$5.56 / 100G,/shop/productdetails/1074314847/chupa-chups-3d-fizzy-soft-drinks-lollipops-box-45-pack
284053,Dollar Sweets Freeze Dried Rasberry 27g,$6.00 ,$22.22 / 100G,/shop/productdetails/284053/dollar-sweets-freeze-dried-rasberry
777724,Eti Tea Biscuits Classic Snack 400g,$3.20 ,$0.80 / 100G,/shop/productdetails/777724/eti-tea-biscuits-classic-snack
277617,Farmer Jo Cluster Puffs Chocolate 350g,$7.95 ,$2.27 / 100G,/shop/productdetails/277617/farmer-jo-cluster-puffs-chocolate
1074032638,Gefen Chunk Light Tuna In Water 170g x 5,$25.88 ,$5.18 / 1EA,/shop/productdetails/1074032638/gefen-chunk-light-tuna-in-water-170g-x-5
819608,Green Leaf Plain Fava Beans Medammas 400g,$1.50 ,$0.38 / 100G,/shop/productdetails/819608/green-leaf-plain-fava-beans-medammas
352037,Krakus European Foods Pickled Dill Cucumbers 850g,$6.95 ,$0.82 / 100G,/shop/productdetails/352037/krakus-european-foods-pickled-dill-cucumbers
673513,Lighthouse Pizza & Focaccia Bread Mix 1kg,$5.50 ,$0.55 / 100G,/shop/productdetails/673513/lighthouse-pizza-focaccia-bread-mix
720192,Protea Foods Biltong Traditional South African Mini Sticks 30g,$4.80 ,$16.00 / 100G,/shop/productdetails/720192/protea-foods-biltong-traditional-south-african-mini-sticks
208200,Pure Delish Raspberry & Maple Nograin-ola 375g,$14.00 ,$3.73 / 100G,/shop/productdetails/208200/tasti-pure-delish-raspberry-maple-nograin-ola
120125,Royal Family Custard Mochi Raspberry 168g,$3.50 ,$2.08 / 100G,/shop/productdetails/120125/royal-family-custard-mochi-raspberry
819177,Target Corned Beef Halal 340g,$6.00 ,$1.76 / 100G,/shop/productdetails/819177/target-corned-beef-halal
208720,The Dutch Company Confectionary Coin Licorice 100g,$3.00 ,$3.00 / 100G,/shop/productdetails/208720/the-dutch-company-confectionary-coin-licorice
235625,The Han Kitchen Beef Ramyun 4 Pack,$10.50 ,$2.24 / 100G,/shop/productdetails/235625/han-kitchen-the-han-kitchen-beef-ramyun
1073961451,Tiberino One-Pot Gourmet Meals Risotto Ortolana's with Vegetables 200g,$12.95 ,,/shop/productdetails/1073961451/tiberino-one-pot-gourmet-meals-risotto-ortolana-s-with-vegetables-200g
1073961483,Truffle Hunter Black & White Truffle Oil Set 2 x 100ml,$34.95 ,$34.95 / 1EA,/shop/productdetails/1073961483/truffle-hunter-black-white-truffle-oil-set-2-x-100ml
54605,Willards Cheese Curls 150g,$5.25 ,$3.50 / 100G,/shop/productdetails/54605/willards-cheese-curls
98016,Always Fresh Mixed Grilled Peppers 290g,$3.75 ,$1.29 / 100G,/shop/productdetails/98016/always-fresh-mixed-grilled-peppers
194252,Benino Mild Ajvar Roasted Pepper Relish 490g,$9.00 ,$1.80 / 100G,/shop/productdetails/194252/benino-mild-ajvar-roasted-pepper-relish
222638,Coco Earth Chicken Biryani With Chicken Chunks 300g,$3.60 ,$1.20 / 100G,/shop/productdetails/222638/coco-earth-chicken-biryani-with-chicken-chunks
1073908292,Dubble Bubble Cry Baby Jar Nitro Sours Bubble Gum Jar 1.48kg 200pc,$44.00 ,$0.22 / 1EA,/shop/productdetails/1073908292/dubble-bubble-cry-baby-jar-nitro-sours-bubble-gum-jar-1-48kg-200pc
848562,Hua Lian Zhong Shan Shi Noodle Dan Dan 900g,$4.10 ,$0.46 / 100G,/shop/productdetails/848562/hua-lian-zhong-shan-shi-noodle-dan-dan
790347,Jinmailang Stew Beef Noodle Stew Beef 5 Pack,$4.40 ,$0.80 / 100G,/shop/productdetails/790347/jinmailang-stew-beef-noodle-stew-beef
309672,Lavazza Espresso Barista Organic Coffee Beans 1kg,$26.40 ,$2.64 / 100G,/shop/productdetails/309672/lavazza-espresso-barista-organic-coffee-beans
309652,Lavazza Tales Of Italy Refined Milano Ground Coffee 250g,$8.40 ,$3.36 / 100G,/shop/productdetails/309652/lavazza-tales-of-italy-refined-milano-ground-coffee
879569,Marmarabirlik Dry Black Olives Green 400g,$5.70 ,$1.43 / 100G,/shop/productdetails/879569/marmarabirlik-dry-black-olives-green
281030,Masterfoods Mediterranean Style Chicken Recipe Base 175g,$2.80 ,$1.60 / 100G,/shop/productdetails/281030/masterfoods-mediterranean-style-chicken-recipe-base
1073841795,Pacific Harvest Atlantic Dulse Seaweed Leaves 15g,$13.95 ,$93.00 / 100G,/shop/productdetails/1073841795/pacific-harvest-atlantic-dulse-seaweed-leaves-15g
1073959979,Pukka Herbs Lemon Ginger & Manuka Honey Tea 2x20packs,$17.90 ,$0.45 / 1EA,/shop/productdetails/1073959979/pukka-herbs-lemon-ginger-manuka-honey-tea-2x20packs
1073927524,Sunkist Berries Blast Candies 23g 16pc,$18.00 ,$1.13 / 1EA,/shop/productdetails/1073927524/sunkist-berries-blast-candies-23g-16pc
364425,Tiparos Tiparos Fish Sauce 700ml,$2.70 ,$0.39 / 100ML,/shop/productdetails/364425/tiparos-fish-sauce
1073945893,The Stock Merchant Ready To Drink Beef Bone Broth 300g x 2pack,$12.00 ,$2.00 / 100G,/shop/productdetails/1073945893/the-stock-merchant-ready-to-drink-beef-bone-broth-300g-x-2pack
1074032865,Tuscanini Classic Italian Marinara Sauce 690g x 2,$38.99 ,$19.50 / 1EA,/shop/productdetails/1074032865/tuscanini-classic-italian-marinara-sauce-690g-x-2
691211,Always Fresh Mushrooms Whole 230g,$4.60 ,$20.00 / 1KG,/shop/productdetails/691211/always-fresh-mushrooms-whole
337576,Bolands Fig Rolls 200g,$4.00 ,$2.00 / 100G,/shop/productdetails/337576/bolands-fig-rolls
1074025757,Foda Organic Spaghetti Vegan Pasta Noodles 12pc 500g,$48.00 ,$4.00 / 1EA,/shop/productdetails/1074025757/foda-organic-spaghetti-vegan-pasta-noodles-12pc-500g
199506,Gran Luchito Tomatillo Enchilada Sauce With Coriander & Jalapeno 400g,$8.00 ,$2.00 / 100G,/shop/productdetails/199506/gran-luchito-tomatillo-enchilada-sauce-with-coriander-jalapeno
1074025758,Jelly Belly Toasted Marshmallow Jelly Bean Bag Confectionery 1kg,$39.00 ,$3.90 / 100G,/shop/productdetails/1074025758/jelly-belly-toasted-marshmallow-jelly-bean-bag-confectionery-1kg
1073921153,Macro Pumpkin Kernels 250g Carton 6pk,$30.00 ,$20.00 / 1KG,/shop/productdetails/1073921153/macro-pumpkin-kernels-250g-carton-6pk
1073812495,Mad Millie Sourdough Culture Each,$10.00 ,,/shop/productdetails/1073812495/mad-millie-sourdough-culture-each
250290,Nissin Noodle Cup Chicken 73g,$2.45 ,$3.36 / 100G,/shop/productdetails/250290/nissin-noodle-cup-chicken
1073996017,Nutra Organics Vegetable Broth Garden Veggie 125g,$25.95 ,$20.76 / 100G,/shop/productdetails/1073996017/nutra-organics-vegetable-broth-garden-veggie-125g
304219,Starbucks By Nespresso Colombia Coffee Capsules 36 Pack,$22.00 ,$0.61 / 1EA,/shop/productdetails/304219/starbucks-by-nespresso-colombia-coffee-capsules
284071,Whole Earth Monk Fruit Ultimate Sugar Replacement 500g,$16.00 ,$3.20 / 100G,/shop/productdetails/284071/whole-earth-monk-fruit-ultimate-sugar-replacement
1073750955,Wiltshire Bundt Pan 23cm Pink,$18.00 ,,/shop/productdetails/1073750955/wiltshire-bundt-pan-23cm-pink
1073750941,Wiltshire Square Cake Pan 23cm Pink,$15.00 ,,/shop/productdetails/1073750941/wiltshire-square-cake-pan-23cm-pink
1073983047,Akai Bohshi Cookie Pink Box 279g,$41.99 ,$15.61 / 100G,/shop/productdetails/1073983047/akai-bohshi-cookie-pink-box-279g
1073908276,Cadbury Dairy Milk Caramello Koala 15g 72pc,$42.00 ,$0.58 / 1EA,/shop/productdetails/1073908276/cadbury-dairy-milk-caramello-koala-15g-72pc
1073961051,Cadbury Twirl Showbag,$17.00 ,,/shop/productdetails/1073961051/cadbury-twirl-showbag
128386,Campos Roma Coffee Beans 500g,$29.00 ,$5.80 / 100G,/shop/productdetails/128386/campos-roma-coffee-beans
86640,Espressotoria Piccolo Coffee Machine Each,$60.00 ,$60.00 / 1EA,/shop/productdetails/86640/espressotoria-piccolo-coffee-machine
777752,Eti Tutku Biscuit Snack 180g,$3.20 ,$1.78 / 100G,/shop/productdetails/777752/eti-tutku-biscuit-snack
1074025786,Grill Society BBQ Sauce Condiment Set 3pc,$32.00 ,$10.67 / 1EA,/shop/productdetails/1074025786/grill-society-bbq-sauce-condiment-set-3pc
1074051002,Haribo Sour S'ghetti Lollies/Candy 140g 3PK,$21.00 ,$7.00 / 1EA,/shop/productdetails/1074051002/haribo-sour-s-ghetti-lollies-candy-140g-3pk
753890,Katoomba Ingredients Chana Dal 1kg,$3.00 ,$0.30 / 100G,/shop/productdetails/753890/katoomba-ingredients-chana-dal
1073944506,Keto Naturals Cracker Thins Salt & Vinegar 64g 2pack,$12.95 ,$10.12 / 100G,/shop/productdetails/1073944506/keto-naturals-cracker-thins-salt-vinegar-64g-2pack
1073944507,Keto Naturals Cracker Thins Sour Cream & Spring Onion 64g 2pack,$13.90 ,$10.86 / 100G,/shop/productdetails/1073944507/keto-naturals-cracker-thins-sour-cream-spring-onion-64g-2pack
1074314834,"Lotus Biscoff Classic Biscuits, 300 piece",$48.00 ,$2.56 / 100G,/shop/productdetails/1074314834/lotus-biscoff-classic-biscuits-300-piece
437280,Maharajah's Choice Rice Flour 1kg,$3.70 ,$3.70 / 1KG,/shop/productdetails/437280/maharajah-s-choice-rice-flour
294602,Natural Vanilla Madagascan Vanilla Extract With Seeds 50ml,$8.50 ,$17.00 / 100ML,/shop/productdetails/294602/natural-vanilla-madagascan-vanilla-extract-with-seeds
1073999237,Nostalgic Art Mint Box Metal 6cm Tin KeepCalm Hard Candy Mints,$18.00 ,$120.00 / 100G,/shop/productdetails/1073999237/nostalgic-art-mint-box-metal-6cm-tin-keepcalm-hard-candy-mints
1073750666,Wiltshire Mini Pallet Knives 3 pack,$18.00 ,$9.00 / 1EA,/shop/productdetails/1073750666/wiltshire-mini-pallet-knives-3-pack
1074032746,Achva Tahini 500g x 3,$38.99 ,$13.00 / 1EA,/shop/productdetails/1074032746/achva-tahini-500g-x-3
805353,Adleys Honey Nothing But Honey 500g,$8.15 ,$1.63 / 100G,/shop/productdetails/805353/adlyes-adleys-honey-nothing-but-honey
1074025795,Allen's Jaffas Chocolate Orange Flavoured Balls Bag 1kg,$25.00 ,$2.50 / 100G,/shop/productdetails/1074025795/allen-s-jaffas-chocolate-orange-flavoured-balls-bag-1kg
67155,Calbee Potato Chips Honey Butter 55g,$3.50 ,$6.36 / 100G,/shop/productdetails/67155/calbee-potato-chips-honey-butter
307523,Campos Decaf Coffee Capsules Syrupy & Bold Blend 10 Pack,$7.60 ,$0.76 / 1EA,/shop/productdetails/307523/campos-decaf-coffee-capsules-syrupy-bold-blend
1073962966,Donghu Shanxi Five-Year-Old Vinegar 500ml x 2Pack,$22.29 ,$2.23 / 100ML,/shop/productdetails/1073962966/donghu-shanxi-five-year-old-vinegar-500ml-x-2pack
1073999458,Drunken Sailor Canning Co Jam Bundle - 2 pack,$32.00 ,,/shop/productdetails/1073999458/drunken-sailor-canning-co-jam-bundle-2-pack
827646,Famous House Banana Milk 500ml,$2.60 ,$5.20 / 1L,/shop/productdetails/827646/famous-house-banana-milk
733507,Grinders Rich Espresso Ground Rainforest Alliance Certified 200g,$8.80 ,$4.40 / 100G,/shop/productdetails/733507/grinders-rich-espresso-ground-rainforest-alliance-certified
1073999459,JimJam Foods Jam Bundle - 2 pack,$34.00 ,,/shop/productdetails/1073999459/jimjam-foods-jam-bundle-2-pack
202316,Kialla Pure Organic Besan Chickpea Flour 400g,$6.00 ,$15.00 / 1KG,/shop/productdetails/202316/kialla-pure-organic-besan-chickpea-flour
1073779767,Manuka Health Mgo 950+ Manuka Honey 250g,$258.68 ,$103.47 / 100G,/shop/productdetails/1073779767/manuka-health-mgo-950-manuka-honey-250g
1074032811,Mars Chocolate Bars 50 x 47g,$82.59 ,$172.06 / 100EA,/shop/productdetails/1074032811/mars-chocolate-bars-50-x-47g
1073777950,Nirvana Organics Stevia Pure Extract Powder 100g,$42.95 ,$4.30 / 100G,/shop/productdetails/1073777950/nirvana-organics-stevia-pure-extract-powder-100g
193848,Benino Green Pitted Olives 500g,$6.00 ,$1.20 / 100G,/shop/productdetails/193848/benino-green-pitted-olives
141529,Csr Buttercream Icing Mix Butterscotch 250g,$3.00 ,$1.20 / 100G,/shop/productdetails/141529/csr-buttercream-icing-mix-butterscotch
307525,Campos King St Coffee Beans Creamy & Balanced Blend 500g,$29.00 ,$5.80 / 100G,/shop/productdetails/307525/campos-king-st-coffee-beans-creamy-balanced-blend
1073961050,Captain Candy Showbag,$21.00 ,,/shop/productdetails/1073961050/captain-candy-showbag
220014,Carbonell Extra Virgin Olive Oil Light Taste 1l,$20.00 ,$2.00 / 100ML,/shop/productdetails/220014/carbonell-extra-virgin-olive-oil-light-taste
490830,Creative Kitchen Marzipan 250g,$6.00 ,$2.40 / 100G,/shop/productdetails/490830/creative-kitchen-marzipan
58241,Dj&a Crispy Coconut Roll 70g,$2.00 ,$2.86 / 100G,/shop/productdetails/58241/dj-a-crispy-coconut-roll
224784,Fodmapped Roasted Pumpkin Spinach & Feta 500g,$7.50 ,$1.50 / 100G,/shop/productdetails/224784/fodmapped-roasted-pumpkin-spinach-feta
1074032833,Gefen Ramen Noodles No Msg Vegetable 85g x 12,$38.99 ,$19.50 / 1EA,/shop/productdetails/1074032833/gefen-ramen-noodles-no-msg-vegetable-85g-x-12
1074051038,Haribo Goldbears Gummie Bear Big Bag 1kg,$28.00 ,$2.80 / 100G,/shop/productdetails/1074051038/haribo-goldbears-gummie-bear-big-bag-1kg
307498,Jarrah After Dark Espresso Martini Double Shot Latte Sachets 6 Pack,$6.00 ,$1.00 / 1EA,/shop/productdetails/307498/jarrah-after-dark-espresso-martini-double-shot-latte-sachets
753983,Katoomba Kidney Beans Dark Red 1kg,$5.20 ,$0.52 / 100G,/shop/productdetails/753983/katoomba-kidney-beans-dark-red
271186,Kialla Pure Organics Cinnamon Donut Porridge 300g,$8.00 ,$2.67 / 100G,/shop/productdetails/271186/kialla-pure-organics-cinnamon-donut-porridge
724831,Knorr Brown Onion South African Soup 50g,$1.85 ,$3.70 / 100G,/shop/productdetails/724831/knorr-brown-onion-south-african-soup
769253,La Morena Refried Black Beans 440g,$6.00 ,$13.64 / 1KG,/shop/productdetails/769253/la-morena-refried-black-beans
1073836829,Lotus Agar Agar 75g,$21.09 ,$21.09 / 1EA,/shop/productdetails/1073836829/lotus-agar-agar-75g
1073996042,Nutra Organics Bone Broth Beef Hearty Mushroom 125g,$31.50 ,$25.20 / 100G,/shop/productdetails/1073996042/nutra-organics-bone-broth-beef-hearty-mushroom-125g
1073908283,Oreo Snack Pack 38g - Vanilla 12PK,$18.00 ,$1.50 / 1EA,/shop/productdetails/1073908283/oreo-snack-pack-38g-vanilla-12pk
1074050960,Reese's Peanut Butter Baking Chips 283g 4x,$31.00 ,$7.75 / 1EA,/shop/productdetails/1074050960/reese-s-peanut-butter-baking-chips-283g-4x
185443,Colonial Corned Mutton Corned Mutton Halal 340g,$10.00 ,$29.41 / 1KG,/shop/productdetails/185443/colonial-corned-mutton-corned-mutton-halal
82854,Katoomba Borlotti Beans Dry 1kg,$4.75 ,$0.48 / 100G,/shop/productdetails/82854/katoomba-borlotti-beans-dry
519378,Knorr Yellow Chicken Powder 1kg,$23.00 ,$0.23 / 10G,/shop/productdetails/519378/knorr-yellow-chicken-powder
234701,Mr Chen's Pad Thai Meal Kit 324g,$8.50 ,$2.62 / 100G,/shop/productdetails/234701/mr-chen-s-pad-thai-meal-kit
224614,Niulife Organic Bbq Coconut Amino Sauce Extra Thick 250ml,$8.50 ,$3.40 / 100ML,/shop/productdetails/224614/niulife-organic-bbq-coconut-amino-sauce-extra-thick
228442,Origin Tea Original Sticky Chai 120g,$9.00 ,$7.50 / 100G,/shop/productdetails/228442/origin-tea-original-sticky-chai
1073818935,Pacific Harvest Power Of 3 Seaweed Flake Blend 18g,$10.35 ,$575.00 / 1KG,/shop/productdetails/1073818935/pacific-harvest-power-of-3-seaweed-flake-blend-18g
1073908192,Pops & Fizz Showbag,$18.00 ,$18.00 / 1EA,/shop/productdetails/1073908192/pops-fizz-showbag
720175,Protea Foods Biltong Peri Peri South African Mini Sticks 30g,$4.80 ,$16.00 / 100G,/shop/productdetails/720175/protea-foods-biltong-peri-peri-south-african-mini-sticks
720579,Protea Foods Biltong Slices Peri Peri 100g,$10.40 ,$10.40 / 100G,/shop/productdetails/720579/protea-foods-biltong-slices-peri-peri
1073959577,Pukka Herbs Day to Night Collection Tea Bags 2x20packs,$17.90 ,$0.45 / 1EA,/shop/productdetails/1073959577/pukka-herbs-day-to-night-collection-tea-bags-2x20packs
306999,Sacred Grounds Seeker Blend Medium Roast Ground Coffee Beans 200g,$9.00 ,$4.50 / 100G,/shop/productdetails/306999/sacred-grounds-seeker-blend-medium-roast-ground-coffee-beans
1073961061,TNT KA Bluey Showbag,$18.00 ,,/shop/productdetails/1073961061/tnt-ka-bluey-showbag
1074049336,TRUFF Black Truffle Infused Hot Sauce Gluten Free 170g,$34.95 ,$20.56 / 100G,/shop/productdetails/1074049336/truff-black-truffle-infused-hot-sauce-gluten-free-170g
310862,Vittoria Freeze Dried Decaffeinated Instant Coffee 100g,$13.50 ,$13.50 / 100G,/shop/productdetails/310862/vittoria-freeze-dried-decaffeinated-instant-coffee
121315,Want Want Ice Cream Bars Milk Flavour 500g,$8.00 ,$1.60 / 100G,/shop/productdetails/121315/want-want-ice-cream-bars-milk-flavour
1074025862,Allen's Assorted Jelly Beans Bag Fruity 1kg,$23.00 ,$2.30 / 100G,/shop/productdetails/1074025862/allen-s-assorted-jelly-beans-bag-fruity-1kg
1074025753,Allen's Strawberries & Cream Lolly Bag 1.3kg,$27.00 ,$2.08 / 100G,/shop/productdetails/1074025753/allen-s-strawberries-cream-lolly-bag-1-3kg
829133,Chin Chin Grass Jelly Drink Honey Dark Honey 315ml,$1.75 ,$0.56 / 100ML,/shop/productdetails/829133/chin-chin-grass-jelly-drink-honey-dark-honey
201820,El Cielo Chipotles In Adobo 215g,$6.00 ,$2.79 / 100G,/shop/productdetails/201820/el-cielo-chipotles-in-adobo
155263,Filippo Berio Tomato & Ricotta Pesto 190g,$4.80 ,$2.53 / 100G,/shop/productdetails/155263/filippo-berio-tomato-ricotta-pesto
224385,Fodmapped Minestrone Soup 500g,$7.10 ,$1.42 / 100G,/shop/productdetails/224385/fodmapped-minestrone-soup
1073908300,Glico Pocky Stick Matcha Green Tea Biscuits 33g 10PK,$25.00 ,$2.50 / 1EA,/shop/productdetails/1073908300/glico-pocky-stick-matcha-green-tea-biscuits-33g-10pk
203988,Koo Fruit Guava Halves 410g,$4.00 ,$0.98 / 100G,/shop/productdetails/203988/koo-fruit-guava-halves
244374,Lucky Natural Almonds 300g,$8.00 ,$26.67 / 1KG,/shop/productdetails/244374/lucky-natural-almonds
283834,Maggi Bowl Meals Mexican Style Burrito Bowl 150g,$4.00 ,$2.67 / 100G,/shop/productdetails/283834/maggi-bowl-meals-mexican-style-burrito-bowl
1073962379,Mega Fizz Candy Showbag,$18.00 ,,/shop/productdetails/1073962379/mega-fizz-candy-showbag
807420,Old Town Coffee 3 In 1 Classic 570g,$8.20 ,$1.44 / 100G,/shop/productdetails/807420/old-town-coffee-3-in-1-classic
1073983137,Un Chi Crispy Fish Skin Chips Tomato Flavour 100g X 4Pack,$28.99 ,$7.25 / 100G,/shop/productdetails/1073983137/un-chi-crispy-fish-skin-chips-tomato-flavour-100g-x-4pack
1074050946,Werther's Original Chewy Toffees Candy Bag 135g 6pk,$28.00 ,$4.67 / 1EA,/shop/productdetails/1074050946/werther-s-original-chewy-toffees-candy-bag-135g-6pk
1073908271,Wonka Nerds Theatre Box - Rainbow 141g 12PK,$42.00 ,$3.50 / 1EA,/shop/productdetails/1073908271/wonka-nerds-theatre-box-rainbow-141g-12pk
176008,Baby Bellies Organic Pear & Vanilla Paws 12g,$2.00 ,$16.67 / 100G,/shop/productdetails/176008/baby-bellies-organic-pear-vanilla-paws
129065,Campos Colombia Coffee Beans 500g,$29.50 ,$5.90 / 100G,/shop/productdetails/129065/campos-colombia-coffee-beans
222614,Coco Earth Authentic Chickpeas Curry With Garlic Naan 360g,$4.20 ,$1.17 / 100G,/shop/productdetails/222614/coco-earth-authentic-chickpeas-curry-with-garlic-naan
202453,El Cielo Tostaditas 250g,$6.00 ,$2.40 / 100G,/shop/productdetails/202453/el-cielo-tostaditas
82845,Green Leaf Toasted Bbq Corn 500g,$8.00 ,$1.60 / 100G,/shop/productdetails/82845/green-leaf-toasted-bbq-corn
309748,Jarrah After Dark Espresso Martini Caramel Latte 6 Pack,$6.00 ,$1.00 / 1EA,/shop/productdetails/309748/jarrah-after-dark-espresso-martini-caramel-latte
1073908250,Jelly Belly Donut Shoppe Jelly Bean Bag 70g 12PK,$43.00 ,$3.58 / 1EA,/shop/productdetails/1073908250/jelly-belly-donut-shoppe-jelly-bean-bag-70g-12pk
82844,Katoomba Canelini Beans Dry 1kg,$5.50 ,$0.55 / 100G,/shop/productdetails/82844/katoomba-canelini-beans-dry
309584,Lavazza Espresso Maestro Coffee Capsules Ristretto 30 Pack,$10.20 ,$0.34 / 1EA,/shop/productdetails/309584/lavazza-espresso-maestro-coffee-capsules-ristretto
1074049902,Libby's 100% Pure Pumpkin 425g x 2,$29.99 ,$15.00 / 1EA,/shop/productdetails/1074049902/libby-s-100-pure-pumpkin-425g-x-2
1074032762,Liebers Vanilla Sugar 340g x 3,$43.88 ,,/shop/productdetails/1074032762/liebers-vanilla-sugar-340g-x-3
1074051159,Nostalgic Art Mint Box Metal Tin I Can't Cook Fresh Breath 6cm 2PK,$51.00 ,$25.50 / 1EA,/shop/productdetails/1074051159/nostalgic-art-mint-box-metal-tin-i-can-t-cook-fresh-breath-6cm-2pk
1073995969,Nutra Organics Beef Bone Broth Hearty Original 125g,$31.50 ,$25.20 / 100G,/shop/productdetails/1073995969/nutra-organics-beef-bone-broth-hearty-original-125g
233865,Praise Parmi-naise Mayo 250ml,$4.50 ,$1.80 / 100ML,/shop/productdetails/233865/praise-parmi-naise-mayo
490091,Queen Finest Single Origin Extract Madagascar 50ml,$8.00 ,$16.00 / 100ML,/shop/productdetails/490091/queen-finest-single-origin-extract-madagascar
1074049337,TRUFF Black Truffle Infused Hotter Sauce Gluten Free 170g,$34.95 ,$20.56 / 100G,/shop/productdetails/1074049337/truff-black-truffle-infused-hotter-sauce-gluten-free-170g
1074105415,Tao Kae Noi Sour Cream and Onion Crispy Seaweed 32g X 4Pack,$21.19 ,$4.24 / 1EA,/shop/productdetails/1074105415/tao-kae-noi-sour-cream-and-onion-crispy-seaweed-32g-x-4pack
222643,The Rice Company One Pot Rice With Cumin & Turmeric 200g,$4.00 ,$2.00 / 100G,/shop/productdetails/222643/trc-low-gi-rice-cumin-turmeric-200g-the-rice-company-one-pot-rice-with-cumin-turmeric
222595,The Rice Company One Pot Rice With Red Lentils & Herbs 200g,$4.00 ,$2.00 / 100G,/shop/productdetails/222595/trc-the-rice-company-one-pot-rice-with-red-lentils-herbs
1073750434,Wiltshire Silicone Rolling Pin - Designs may vary,$20.00 ,$20.00 / 1EA,/shop/productdetails/1073750434/wiltshire-silicone-rolling-pin-designs-may-vary
806599,Adleys Honey Nothing But Honey Squeeze Pack 400g,$7.50 ,$1.88 / 100G,/shop/productdetails/806599/adleys-honey-nothing-but-honey-squeeze-pack
180204,Bee Products Manuka Blend Honey 500g,$20.00 ,$4.00 / 100G,/shop/productdetails/180204/bee-products-manuka-blend-honey
1074027203,Big White Rabbit Milk Candy Original Flavor 180g X 3Pack,$17.99 ,$3.33 / 100G,/shop/productdetails/1074027203/big-white-rabbit-milk-candy-original-flavor-180g-x-3pack
1074043714,Caterer's Choice Almonds Raw Kernels 1Kg,$39.72 ,$3.97 / 100G,/shop/productdetails/1074043714/caterer-s-choice-almonds-raw-kernels-1kg
182913,Cockatoo Grove Organic Australian Robust Extra Virgin Olive Oil 750ml,$18.00 ,$2.40 / 100ML,/shop/productdetails/182913/cockatoo-grove-organic-australian-robust-extra-virgin-olive-oil
212598,Delicious Carrot Cake 550g,$6.50 ,$1.18 / 100G,/shop/productdetails/212598/delicious-carrot-cake
717091,Dr Oetker Whipped Cream 150g,$4.00 ,$2.67 / 100G,/shop/productdetails/717091/dr-oetker-whipped-cream
1074127909,Espressotoria - Coffee Machine with 12 Packs of Vittoria Oro Capsules Bundle,$120.00 ,$120.00 / 1EA,/shop/productdetails/1074127909/espressotoria-coffee-machine-with-12-packs-of-vittoria-oro-capsules-bundle
168888,Goulburn Valley Orchard Splash Peaches & Pineapple In Infused Water 160g X2 Pack,$4.50 ,$14.06 / 1KG,/shop/productdetails/168888/goulburn-valley-orchard-splash-peaches-pineapple-in-infused-water
279847,Green's Golden Gaytime Cupcakes Or Cakebites 480g,$7.00 ,$1.46 / 100G,/shop/productdetails/279847/green-s-golden-gaytime-cupcakes-or-cakebites
296610,Ito En Roasted Green Tea 20 Pack,$6.00 ,$0.30 / 1EA,/shop/productdetails/296610/ito-en-roasted-green-tea
271433,Kialla Pure Organics Lamington Porridge 300g,$8.00 ,$2.67 / 100G,/shop/productdetails/271433/kialla-pure-organics-lamington-porridge
667708,Kushi Mango Juice 1l,$2.95 ,$0.30 / 100ML,/shop/productdetails/667708/kushi-mango-juice
89727,Macro Dried Mixed Fruit 400g,$5.00 ,$12.50 / 1KG,/shop/productdetails/89727/macro-dried-mixed-fruit
1073927491,Mike & Ike Berry Blast Fruit Flavoured Chewy Candy 141g 2PK,$17.00 ,$8.50 / 1EA,/shop/productdetails/1073927491/mike-ike-berry-blast-fruit-flavoured-chewy-candy-141g-2pk
234427,Mr Chen's Meal Kit Thai Basil Chilli Stir-fry With Rice 376g,$8.50 ,$2.26 / 100G,/shop/productdetails/234427/mr-chen-s-meal-kit-thai-basil-chilli-stir-fry-with-rice
724799,Protea Foods Meal South African 1kg,$3.20 ,$0.32 / 100G,/shop/productdetails/724799/protea-foods-meal-south-african
1073961045,American Candy Showbag,$34.00 ,,/shop/productdetails/1073961045/american-candy-showbag
148261,Aseel Vegetable Ghee 1kg,$9.65 ,$0.97 / 100G,/shop/productdetails/148261/aseel-vegetable-ghee
1073908218,Cadbury Caramello Koala Showbag - 11pc,$17.00 ,$17.00 / 1EA,/shop/productdetails/1073908218/cadbury-caramello-koala-showbag-11pc
208283,Carman's Omega 3 Australian Oats From Linseeds & Chia 500g,$4.50 ,$0.90 / 100G,/shop/productdetails/208283/carman-s-omega-3-australian-oats-from-linseeds-chia
183138,Delicious Upside Down Golden Syrup Banana Cake Mix 550g,$6.50 ,$1.18 / 100G,/shop/productdetails/183138/delicious-upside-down-golden-syrup-banana-cake-mix
663059,Eagle Coin Fried Dace Black Bean 184g,$4.20 ,$2.28 / 100G,/shop/productdetails/663059/eagle-coin-fried-dace-black-bean
685326,Espressotoria Milk Frother Each,$59.00 ,$59.00 / 1EA,/shop/productdetails/685326/espressotoria-milk-frother
235605,Fehlbergs Tequila Flavoured Jalapenos 230g,$4.80 ,$2.09 / 100G,/shop/productdetails/235605/fehlbergs-tequila-flavoured-jalapenos
279119,Green's Golden Gaytime Pancakes 505g,$7.00 ,$1.39 / 100G,/shop/productdetails/279119/green-s-golden-gaytime-pancakes
63587,Hot Pot Seasoning Tomato 200g,$5.80 ,$2.90 / 100G,/shop/productdetails/63587/hot-pot-seasoning-tomato
827052,Jinmailang Emperor Noodle Hot & Sour Beef 121g,$1.20 ,$0.99 / 100G,/shop/productdetails/827052/jinmailang-emperor-noodle-hot-sour-beef
309547,Moro Traditional Mild Taste Olive Oil 2.2l,$30.00 ,$1.36 / 100ML,/shop/productdetails/309547/moro-traditional-mild-taste-olive-oil
754976,Parle Glucose Biscuits Snack 376g,,,/shop/productdetails/754976/parle-glucose-biscuits-snack
1073935602,Pickle & Spice Beef BBQ Roast & Brisket Meat Rub 250g x 2 jars,$29.50 ,$5.90 / 100G,/shop/productdetails/1073935602/pickle-spice-beef-bbq-roast-brisket-meat-rub-250g-x-2-jars
1074119532,S&B Prepared Wasabi in Tube 43g X 4Pack,$17.99 ,$3.00 / 1EA,/shop/productdetails/1074119532/s-b-prepared-wasabi-in-tube-43g-x-4pack
1074044215,Starbucks Multipack House Blend Lungo Medium Roast Coffee Pods Capsules x 120,$109.20 ,$91.00 / 100EA,/shop/productdetails/1074044215/starbucks-multipack-house-blend-lungo-medium-roast-coffee-pods-capsules-x-120
1073958723,Tweed Real Food Garlic Rosemary Rub 120g,$30.95 ,$25.79 / 100G,/shop/productdetails/1073958723/tweed-real-food-garlic-rosemary-rub-120g
1073983128,Un Chi Crispy Fish Skin Chips Laver Flavour 100g X 4Pack,$27.69 ,$6.92 / 100G,/shop/productdetails/1073983128/un-chi-crispy-fish-skin-chips-laver-flavour-100g-x-4pack
122417,Wumu Sichuan Spicy Dried Noodle 376g,$10.50 ,$2.79 / 100G,/shop/productdetails/122417/wumu-sichuan-spicy-dried-noodle
193897,Al Wadi Falafel 200g,$2.80 ,$1.40 / 100G,/shop/productdetails/193897/al-wadi-falafel
61137,Barrs Bubblegum Drink 330ml,$2.70 ,$0.82 / 100ML,/shop/productdetails/61137/barrs-bubblegum-drink
193747,Benino Kalamata Pitted Olives 500g,$6.00 ,$1.20 / 100G,/shop/productdetails/193747/benino-kalamata-pitted-olives
1074025807,Cadbury 180g Special Chocolate Treats Sharepack 36pc,$26.00 ,$0.72 / 1EA,/shop/productdetails/1074025807/cadbury-180g-special-chocolate-treats-sharepack-36pc
272315,Carman's Gourmet Granola Roasted Almond Macadamia &  Vine Fruit 400g,$16.00 ,$4.00 / 100G,/shop/productdetails/272315/carman-s-gourmet-granola-roasted-almond-macadamia-vine-fruit
798714,Espressotoria Coffee Capsules Caffe Aurora Espresso 12 Pack,$6.50 ,$0.54 / 1EA,/shop/productdetails/798714/espressotoria-coffee-capsules-caffe-aurora-espresso
1074025799,Jelly Belly Ice Cream Mix Jelly Beans Candy 12pc 100g,$64.00 ,$5.33 / 1EA,/shop/productdetails/1074025799/jelly-belly-ice-cream-mix-jelly-beans-candy-12pc-100g
1074051065,Kelloggs Pop Tarts Frosted Smores 384g 2x 8pc,$28.00 ,$14.00 / 1EA,/shop/productdetails/1074051065/kelloggs-pop-tarts-frosted-smores-384g-2x-8pc
82289,Green Leaf Mixed Rice Crackers 350g,$5.40 ,$1.54 / 100G,/shop/productdetails/82289/green-leaf-mixed-rice-crackers
185003,Green's Golden Gaytime Brookie Mix 525g,$7.00 ,$1.33 / 100G,/shop/productdetails/185003/green-s-golden-gaytime-brookie-mix
129554,Maya Kaimal Coconut Korma Indian Simmer Sauce 354g,$12.95 ,$3.66 / 100G,/shop/productdetails/129554/maya-kaimal-coconut-korma-indian-simmer-sauce
1074314828,Mentos Sugar Free Candy Mint 45g (Box of 20),$40.00 ,$4.44 / 100G,/shop/productdetails/1074314828/mentos-sugar-free-candy-mint-45g-box-of-20-
247905,Mt Elephant Banana & Cinnamon Bread Mix 300g,$6.00 ,$2.00 / 100G,/shop/productdetails/247905/mt-elephant-banana-cinnamon-bread-mix
301155,Nescafe Farmers Origins Colombia Espresso Capsules 10 Pack,$5.20 ,$0.52 / 1EA,/shop/productdetails/301155/nescafe-farmers-origins-colombia-espresso-capsules
124296,Pandaroo Red Rice 1kg,$11.00 ,$1.10 / 100G,/shop/productdetails/124296/pandaroo-red-rice
717628,Willards Flings South African 150g,$5.25 ,$3.50 / 100G,/shop/productdetails/717628/willards-flings-south-african
1073908345,Allen's Cheekies Lolly Bag 1.3kg,$26.00 ,$2.00 / 100G,/shop/productdetails/1073908345/allen-s-cheekies-lolly-bag-1-3kg
790572,Ayam Mongolian Lamb Sauce 210ml,$3.90 ,$1.86 / 100ML,/shop/productdetails/790572/ayam-mongolian-lamb-sauce
1073908249,Cadbury Big Bite Showbag - 41pc,$35.00 ,$35.00 / 1EA,/shop/productdetails/1073908249/cadbury-big-bite-showbag-41pc
1073927495,Cadbury Cafe Blend Premium Drinking Chocolate 1.75kg,$38.00 ,$2.17 / 100G,/shop/productdetails/1073927495/cadbury-cafe-blend-premium-drinking-chocolate-1-75kg
220015,Carbonell Olive Oil 1l,$20.00 ,$2.00 / 100ML,/shop/productdetails/220015/carbonell-olive-oil
1073908273,Chupa Chups Mega Bag Showbag - 70pc,$25.00 ,$25.00 / 1EA,/shop/productdetails/1073908273/chupa-chups-mega-bag-showbag-70pc
147894,Donna Hay Gluten Free Plain Flour 500g,$7.50 ,$15.00 / 1KG,/shop/productdetails/147894/donna-hay-gluten-free-plain-flour
449741,Dr. Oetker Designer Icing White 140g,$4.50 ,$3.21 / 100G,/shop/productdetails/449741/dr-oetker-designer-icing-white
234025,Du Son Premium Fish Sauce 500ml,$8.00 ,$1.60 / 100ML,/shop/productdetails/234025/du-son-premium-fish-sauce
1073865588,Essential Hemp Australian Hemp Seeds Hulled  800g,$27.96 ,$93.20 / 100ML,/shop/productdetails/1073865588/essential-hemp-australian-hemp-seeds-hulled-800g
1074114286,Glico Pretz Tomato Flavor Pretzel Sticks 60g X 4Pack,$18.10 ,$3.62 / 1EA,/shop/productdetails/1074114286/glico-pretz-tomato-flavor-pretzel-sticks-60g-x-4pack
1073927444,Haribo Happy Peaches Gummies Bag 150g 4PK,$23.00 ,$5.75 / 1EA,/shop/productdetails/1073927444/haribo-happy-peaches-gummies-bag-150g-4pk
208404,Indya Mustard Oil 1l,$7.95 ,$0.80 / 100ML,/shop/productdetails/208404/indya-mustard-oil
333735,Jade Phoenix Mix Assorted Mushroom Mushroom Mix Assorted 100g,$4.50 ,$4.50 / 100G,/shop/productdetails/333735/jade-phoenix-mix-assorted-mushroom-mushroom-mix-assorted
1074001253,Jomeis Fine Foods Turmeric Latte Duo Pack - 240g,$24.95 ,$10.40 / 100G,/shop/productdetails/1074001253/jomeis-fine-foods-turmeric-latte-duo-pack-240g
1074032635,Kemach Chow Mein Noodles Fine 283g x 3,$37.49 ,$12.50 / 1EA,/shop/productdetails/1074032635/kemach-chow-mein-noodles-fine-283g-x-3
667755,Kushi Pomegranate Juice 1l,$2.95 ,$0.30 / 100ML,/shop/productdetails/667755/kushi-pomegranate-juice
67551,Lao Gan Ma Chilli Sauce Chicken 210g,$4.60 ,$2.19 / 100G,/shop/productdetails/67551/lao-gan-ma-chilli-sauce-chicken
805416,Oki Coating Original Chicken 120g,$1.90 ,$1.58 / 100G,/shop/productdetails/805416/oki-coating-original-chicken
1074212678,SNAXX Keto Scone 4 Pack - Bundle x 2,$23.90 ,$11.95 / 1EA,/shop/productdetails/1074212678/snaxx-keto-scone-4-pack-bundle-x-2
1074044212,Starbucks Multipack Espresso Dark Roast Coffee Pods Capsules x 120,$109.20 ,$91.00 / 100EA,/shop/productdetails/1074044212/starbucks-multipack-espresso-dark-roast-coffee-pods-capsules-x-120
1074105413,Tao Kae Noi Crispy Seaweed Sriracha Chili Sauce Flavor 32g X 4Pack,$17.59 ,$3.52 / 1EA,/shop/productdetails/1074105413/tao-kae-noi-crispy-seaweed-sriracha-chili-sauce-flavor-32g-x-4pack
1073961487,The Cocoa Emporium Belgian Dusted Truffles - Cocoa 150g,$12.95 ,$8.63 / 100G,/shop/productdetails/1073961487/the-cocoa-emporium-belgian-dusted-truffles-cocoa-150g
1073961445,Tiberino One-Pot Gourmet Meal Classic Italian Minestrone Soup 200g,$12.95 ,$6.48 / 100G,/shop/productdetails/1073961445/tiberino-one-pot-gourmet-meal-classic-italian-minestrone-soup-200g
1073961455,Tiberino One-Pot Gourmet Meals Risotto with Tomato Sauce 200g,$12.95 ,,/shop/productdetails/1073961455/tiberino-one-pot-gourmet-meals-risotto-with-tomato-sauce-200g
1073908197,Arkadia 1KG Vanilla Frappe Powder,$30.00 ,$3.00 / 100G,/shop/productdetails/1073908197/arkadia-1kg-vanilla-frappe-powder
1073927517,Arkadia Matcha Green Tea Powder 1KG,$32.00 ,$3.20 / 100G,/shop/productdetails/1073927517/arkadia-matcha-green-tea-powder-1kg
1074051143,Cadbury Dairy Milk Chocolate Strawberry Freddo Sharepack 168g 3x 12pc,$26.00 ,$8.67 / 1EA,/shop/productdetails/1074051143/cadbury-dairy-milk-chocolate-strawberry-freddo-sharepack-168g-3x-12pc
1074043736,Caterers Choice Arrowroot Tapioca Starch 1Kg,$27.99 ,$2.80 / 100G,/shop/productdetails/1074043736/caterers-choice-arrowroot-tapioca-starch-1kg
1074252148,Caterers Choice Tomatoes Peeled 2.9Kg,$40.69 ,,/shop/productdetails/1074252148/caterers-choice-tomatoes-peeled-2-9kg
1074252197,Edlyn Cake Mix Carrot 5 Kg,$89.61 ,,/shop/productdetails/1074252197/edlyn-cake-mix-carrot-5-kg
1073865598,Golden Wattle Rose Chai Loose Leaf Tea 100g,$19.80 ,$19.80 / 100G,/shop/productdetails/1073865598/golden-wattle-rose-chai-loose-leaf-tea-100g
1073927470,Grill Society BBQ Rub Jack Of All 200g,$18.00 ,$8.18 / 100G,/shop/productdetails/1073927470/grill-society-bbq-rub-jack-of-all-200g
1073927472,Haribo Tangfastics Gummies Bag 150g 4PK,$23.00 ,$5.75 / 1EA,/shop/productdetails/1073927472/haribo-tangfastics-gummies-bag-150g-4pk
1074189482,"Island Curries 6 Pack Gluten Free Curry Paste Satchels 50g each - Tandoori, Vindaloo, Massaman, Harrisa, 2x Butter Chicken",$22.50 ,$37.50 / 500G,/shop/productdetails/1074189482/island-curries-6-pack-gluten-free-curry-paste-satchels-50g-each-tandoori-vindaloo-massaman-harrisa-2x-butter-chicken
1073890458,Low Carb Life Rich Chocolate Brownies Keto Bake Mix 300g,$15.95 ,$5.32 / 1EA,/shop/productdetails/1073890458/low-carb-life-rich-chocolate-brownies-keto-bake-mix-300g
802950,Mtr Ready To Eat Pav Bhaji 300g,$2.20 ,$0.73 / 100G,/shop/productdetails/802950/mtr-ready-to-eat-pav-bhaji
1074314851,Monin Vanilla Syrup 700ml (Box of 6),$115.00 ,$2.74 / 100ML,/shop/productdetails/1074314851/monin-vanilla-syrup-700ml-box-of-6-
421202,Mother's Recipe Mixed Pickle 500g,$4.75 ,$0.95 / 100G,/shop/productdetails/421202/mother-s-recipe-mixed-pickle
247519,Mt Elephant Sticky Date Whole Food Loaf Mix 300g,$6.00 ,$2.00 / 100G,/shop/productdetails/247519/mt-elephant-sticky-date-whole-food-loaf-mix
223751,Niulife Organic Naked Coconut Amino Sauce Extra Thick 250ml,$8.50 ,$3.40 / 100ML,/shop/productdetails/223751/niulife-organic-naked-coconut-amino-sauce-extra-thick
794606,Nong Shim An Sung Tung Myun 5 Pack,$8.00 ,$1.33 / 100G,/shop/productdetails/794606/nong-shim-an-sung-tung-myun
1074051236,Nostalgic Art Mint Tin Box XL BMW Classic Pepita Hard Candy 10cm 2pk,$28.00 ,$14.00 / 1EA,/shop/productdetails/1074051236/nostalgic-art-mint-tin-box-xl-bmw-classic-pepita-hard-candy-10cm-2pk
1073996136,Nutra Organics Vegetable Broth Low Fodmap Veggie 125g,$25.95 ,$20.76 / 100G,/shop/productdetails/1073996136/nutra-organics-vegetable-broth-low-fodmap-veggie-125g
1074032639,Paskesz Lollies Sour Chews 340g x 3,$35.99 ,$12.00 / 1EA,/shop/productdetails/1074032639/paskesz-lollies-sour-chews-340g-x-3
137844,Plenty Cold Pressed Walnut Oil 375ml,$9.00 ,$2.40 / 100ML,/shop/productdetails/137844/plenty-cold-pressed-walnut-oil
208402,Pure Delish Cranberry & Almond Grainola 375g,$14.00 ,$3.73 / 100G,/shop/productdetails/208402/tasti-pure-delish-cranberry-almond-grainola
1074212672,SNAXX Keto Cinnamon Donut 4 Pack - Bundle x 2,$23.90 ,$11.95 / 1EA,/shop/productdetails/1074212672/snaxx-keto-cinnamon-donut-4-pack-bundle-x-2
1074212679,SNAXX Keto Porridge 4 Pack - Bundle x 2,$23.90 ,$11.95 / 1EA,/shop/productdetails/1074212679/snaxx-keto-porridge-4-pack-bundle-x-2
238162,Baishanzu Sauce Porcini Mushroom 210g,$4.50 ,$2.14 / 100G,/shop/productdetails/238162/baishanzu-sauce-porcini-mushroom
280771,Csr Monk Fruit & Sugar Blend 200g,$4.00 ,$2.00 / 100G,/shop/productdetails/280771/csr-monk-fruit-sugar-blend
1073908258,Cadbury Chocolate Roses 1kg,$37.00 ,$3.70 / 100G,/shop/productdetails/1073908258/cadbury-chocolate-roses-1kg
1074032880,Cadbury Variety Mix Jumbo Chocolate Box 110PCS 1.56kg,$44.80 ,$2.87 / 100G,/shop/productdetails/1074032880/cadbury-variety-mix-jumbo-chocolate-box-110pcs-1-56kg
1074044107,Caterers Choice Banana Chips 1Kg,$36.47 ,$3.65 / 100G,/shop/productdetails/1074044107/caterers-choice-banana-chips-1kg
1074314850,"Chupa Chups Bouquet, 19 Lollipops",$35.00 ,$15.35 / 100G,/shop/productdetails/1074314850/chupa-chups-bouquet-19-lollipops
182248,Cockatoo Grove Organic Australian Mellow Extra Virgin Olive Oil 750ml,$18.00 ,$2.40 / 100ML,/shop/productdetails/182248/cockatoo-grove-organic-australian-mellow-extra-virgin-olive-oil
1074024203,Coffee Hero Turkish Delight whole beans 500g,$29.99 ,$6.00 / 100G,/shop/productdetails/1074024203/coffee-hero-turkish-delight-whole-beans-500g
777726,Eti Popkek With Chocolate Snack 144g,$3.20 ,$2.22 / 100G,/shop/productdetails/777726/eti-popkek-with-chocolate-snack
242316,Firelli Hot Sauce 148ml,$6.50 ,$4.39 / 100ML,/shop/productdetails/242316/firelli-hot-sauce
794544,Frooti Mango Drink 500ml,$2.15 ,$4.30 / 1L,/shop/productdetails/794544/frooti-mango-drink
1073961459,Gingerbread Folk Traditional Gingerbread House Kit,$39.99 ,$39.99 / 1EA,/shop/productdetails/1073961459/gingerbread-folk-traditional-gingerbread-house-kit
744778,Girnar Cardamom Chai Instant Tea Premix 140g,$4.50 ,$3.21 / 100G,/shop/productdetails/744778/girnar-cardamom-chai-instant-tea-premix
170523,Goulburn Valley Orchard Splash Pears In Raspberry Infused Water 160g X2 Pack,$4.50 ,$14.06 / 1KG,/shop/productdetails/170523/goulburn-valley-orchard-splash-pears-in-raspberry-infused-water
819284,Green Hill Bulgur White Coarse 1kg,$2.95 ,$0.30 / 100G,/shop/productdetails/819284/green-hill-bulgur-white-coarse
280153,Green's Gluten Free Salted Caramel Choc Fudge Brownie Mix 400g,$5.00 ,$1.25 / 100G,/shop/productdetails/280153/green-s-gluten-free-salted-caramel-choc-fudge-brownie-mix
1073927507,Haribo Starmix Gummies Bag 150g 4PK,$23.00 ,$5.75 / 1EA,/shop/productdetails/1073927507/haribo-starmix-gummies-bag-150g-4pk
1074025874,Jelly Belly 10 Assorted Flavour 125g Jelly Bean Gift Box 3PK,$32.00 ,$10.67 / 1EA,/shop/productdetails/1074025874/jelly-belly-10-assorted-flavour-125g-jelly-bean-gift-box-3pk
1073944508,Keto Naturals Cracker Thins Teriyaki 64g 2pack,$13.90 ,$10.86 / 100G,/shop/productdetails/1073944508/keto-naturals-cracker-thins-teriyaki-64g-2pack
205636,Kialla Pure Organics Overnight Maple Vanilla 300g,$8.00 ,$2.67 / 100G,/shop/productdetails/205636/kialla-pure-organics-overnight-maple-vanilla
1074114332,Koh-kae Snack Peanut Nori Wasabi Flavour Coated 230g X 4Pack,$24.99 ,$5.00 / 1EA,/shop/productdetails/1074114332/koh-kae-snack-peanut-nori-wasabi-flavour-coated-230g-x-4pack
1074032615,Longkow Organic Vermicelli 840g,$43.49 ,$5.18 / 100G,/shop/productdetails/1074032615/longkow-organic-vermicelli-840g
1073836838,Lotus Gluten Flour 500g,$9.00 ,$9.00 / 1EA,/shop/productdetails/1073836838/lotus-gluten-flour-500g
275080,Ma Ling Pork Luncheon Meat 397g,$4.70 ,$1.18 / 100G,/shop/productdetails/275080/ma-ling-pork-luncheon-meat
1073933352,Macro Organic Tri Colour Quinoa 500g 6pk,$42.00 ,$1.40 / 100G,/shop/productdetails/1073933352/macro-organic-tri-colour-quinoa-500g-6pk
129551,Maya Kaimal Vegan Tikka Masala Indian Simmer Sauce 354g,$12.95 ,$3.66 / 100G,/shop/productdetails/129551/maya-kaimal-vegan-tikka-masala-indian-simmer-sauce
1074314848,Mentos Mint Candy Bottles 100g (Box of 6),$35.00 ,$5.83 / 100G,/shop/productdetails/1074314848/mentos-mint-candy-bottles-100g-box-of-6-
1074024568,MirMir Organics Certified Organic Tulsi Tea Pyramid Tea Bags 40gm x 2 packs,$23.50 ,$58.75 / 100G,/shop/productdetails/1074024568/mirmir-organics-certified-organic-tulsi-tea-pyramid-tea-bags-40gm-x-2-packs
47302,Mrs H.s.ball's Chutney Peach 470g,$6.25 ,$13.30 / 1KG,/shop/productdetails/47302/mrs-h-s-ball-s-chutney-peach
1074051246,Nostalgic Art Mint Box Metal 6cm Tin Cassette Tape Hard Candy Mints 2PK,$23.00 ,$11.50 / 1EA,/shop/productdetails/1074051246/nostalgic-art-mint-box-metal-6cm-tin-cassette-tape-hard-candy-mints-2pk
1074051101,Nostalgic Art Mint Tin Box BMW Drivers Only Blue Fresh Breath Candy 6cm 2PK,$23.00 ,$11.50 / 1EA,/shop/productdetails/1074051101/nostalgic-art-mint-tin-box-bmw-drivers-only-blue-fresh-breath-candy-6cm-2pk
1073996033,Nutra Organics Bone Broth Beef Miso Ramen 125g,$31.50 ,$25.20 / 100G,/shop/productdetails/1073996033/nutra-organics-bone-broth-beef-miso-ramen-125g
1073995988,Nutra Organics Matcha Latte 100g,$22.95 ,$22.95 / 100G,/shop/productdetails/1073995988/nutra-organics-matcha-latte-100g
237587,Nuyou Gloodles Mala Hot & Spicy Plant Based Noodles 126g,$5.00 ,$3.97 / 100G,/shop/productdetails/237587/nuyou-gloodles-mala-hot-spicy-plant-based-noodles
122675,Okf Okf Farmer's Aloe Vera Mango Drink 1.5l,$5.15 ,$0.34 / 100ML,/shop/productdetails/122675/okf-farmer-s-aloe-vera-mango-drink
1073962769,Old Mule Garlic Dynasty Chili Super Spicy 240g x 3Pack,$25.49 ,$3.54 / 100G,/shop/productdetails/1073962769/old-mule-garlic-dynasty-chili-super-spicy-240g-x-3pack
1073945899,Planet Organic Throat Calm 25 Tea Bags x 2pack,$12.80 ,$25.60 / 100EA,/shop/productdetails/1073945899/planet-organic-throat-calm-25-tea-bags-x-2pack
151301,Podravka Chicken Paste 135g,$2.95 ,$2.19 / 100G,/shop/productdetails/151301/podravka-chicken-paste
1074052552,"Stitch Coffee Decaf - Colombia, Popayan 1K - Premium Specialty Coffee",$60.00 ,$6.00 / 100G,/shop/productdetails/1074052552/stitch-coffee-decaf-colombia-popayan-1k-premium-specialty-coffee
1073846500,Sweet Baby Bundle Hamper,$129.95 ,,/shop/productdetails/1073846500/sweet-baby-bundle-hamper
1074046467,TRUFF Black Truffle Arrabbiata Red Pasta Sauce Gluten Free 482g x 2 Jars,$59.95 ,$6.22 / 100G,/shop/productdetails/1074046467/truff-black-truffle-arrabbiata-red-pasta-sauce-gluten-free-482g-x-2-jars
1074105414,Tao Kae Noi Tempura Seaweed Chicken Larb Flavour 40g X 4Pack,$24.99 ,$5.00 / 1EA,/shop/productdetails/1074105414/tao-kae-noi-tempura-seaweed-chicken-larb-flavour-40g-x-4pack
1074105421,Tao Kae Noi Tempura Seaweed Spicy Flavour 40g X 4Pack,$22.99 ,$4.60 / 1EA,/shop/productdetails/1074105421/tao-kae-noi-tempura-seaweed-spicy-flavour-40g-x-4pack
123915,Topp Vegetable Flavour Jasmine Rice Congee 55g,$3.00 ,$5.45 / 100G,/shop/productdetails/123915/topp-vegetable-flavour-jasmine-rice-congee
1073751114,Wiltshire Russian Ball Tip Piping Bags 2 pack,$15.00 ,,/shop/productdetails/1073751114/wiltshire-russian-ball-tip-piping-bags-2-pack
1073994253,Yarra Valley Preserves - Gourmet Jam selection containing 8 assorted jars,$69.99 ,,/shop/productdetails/1073994253/yarra-valley-preserves-gourmet-jam-selection-containing-8-assorted-jars
1073962823,Yun Pufa Health Bag Infusion Tea Yellow Essence Ten Treasures Pu'er Tea 15pcs*5g,$23.99 ,$31.99 / 100G,/shop/productdetails/1073962823/yun-pufa-health-bag-infusion-tea-yellow-essence-ten-treasures-pu-er-tea-15pcs-5g
1073944488,Boulder Canyon Malt Vinegar & Sea Salt 142g 2pack,$15.00 ,$5.28 / 100G,/shop/productdetails/1073944488/boulder-canyon-malt-vinegar-sea-salt-142g-2pack
1073779312,Buddha Teas Ashwagandha Tea 18 serve,$8.00 ,$0.44 / 1EA,/shop/productdetails/1073779312/buddha-teas-ashwagandha-tea-18-serve
1073961047,Cadbury Dairy Milk Showbag,$17.00 ,,/shop/productdetails/1073961047/cadbury-dairy-milk-showbag
296341,Campos Chapel St Coffee Beans Bright & Crisp Blend 500g,$29.00 ,$5.80 / 100G,/shop/productdetails/296341/campos-chapel-st-coffee-beans-bright-crisp-blend
1073908307,Chupa Chups Showbag - 22pc,$18.00 ,$18.00 / 1EA,/shop/productdetails/1073908307/chupa-chups-showbag-22pc
448630,Dr. Oetker Ready Rolled Icing White 450g,$8.40 ,$1.87 / 100G,/shop/productdetails/448630/dr-oetker-ready-rolled-icing-white
819281,Green Hill Bulgur White Fine 1kg,$2.95 ,$0.30 / 100G,/shop/productdetails/819281/green-hill-bulgur-white-fine
183982,Green's Golden Gaytime Crumb Cake Mix 650g,$7.00 ,$1.08 / 100G,/shop/productdetails/183982/green-s-golden-gaytime-crumb-cake-mix
1074051035,Iddy Biddy Fruity Bites Minions Tropical Gummy Fruit Snack Packs 160g 6x8pc,$31.00 ,$5.17 / 1EA,/shop/productdetails/1074051035/iddy-biddy-fruity-bites-minions-tropical-gummy-fruit-snack-packs-160g-6x8pc
1074252169,Knorr Sauce Hollandaise 1 L,$41.71 ,$4.17 / 100ML,/shop/productdetails/1074252169/knorr-sauce-hollandaise-1-l
155085,La Costena Chipotle Hot Sauce 140g,$4.50 ,$3.21 / 100G,/shop/productdetails/155085/la-costena-chipotle-hot-sauce
66809,Lao Gan Ma Chilli Sauce Pork Blackbean 210g,$4.60 ,$2.19 / 100G,/shop/productdetails/66809/lao-gan-ma-chilli-sauce-pork-blackbean
828194,Lee Kum Kee Soup Base For Pork Bone Hot Pot 50g,$2.20 ,$4.40 / 100G,/shop/productdetails/828194/lee-kum-kee-soup-base-for-pork-bone-hot-pot
1074002182,MirMir Organics Certified Organic Turmeric Tea Pyramid Tea Bags 40gm x 2 packs,$23.50 ,$58.75 / 100G,/shop/productdetails/1074002182/mirmir-organics-certified-organic-turmeric-tea-pyramid-tea-bags-40gm-x-2-packs
421191,Mother's Recipe Mango Pickle Mild 500g,$4.00 ,$0.80 / 100G,/shop/productdetails/421191/mother-s-recipe-mango-pickle-mild
1073959409,Nissin Izayoi Ichiban Black Garlic Oil Pork Bone Soup Flavor 100g*5bag x 4Pack,$30.59 ,$1.53 / 100G,/shop/productdetails/1073959409/nissin-izayoi-ichiban-black-garlic-oil-pork-bone-soup-flavor-100g-5bag-x-4pack
1074051208,Nostalgic Art Mint Box Metal 6cm Tin Beetle Hard Candy Mints 2PK,$23.00 ,$11.50 / 1EA,/shop/productdetails/1074051208/nostalgic-art-mint-box-metal-6cm-tin-beetle-hard-candy-mints-2pk
1074119459,Obento Sushi and Sashimi 250ml X 4Pack,$20.99 ,$3.50 / 1EA,/shop/productdetails/1074119459/obento-sushi-and-sashimi-250ml-x-4pack
1073962581,Old Town Authentic White Coffee Hazelnut Flavor 15 bars 570g x 2Pack,$27.09 ,$2.38 / 100G,/shop/productdetails/1073962581/old-town-authentic-white-coffee-hazelnut-flavor-15-bars-570g-x-2pack
1074252184,Trumps Freekeh Cracked Wheat 2 Kg,$69.38 ,,/shop/productdetails/1074252184/trumps-freekeh-cracked-wheat-2-kg
1073962958,Xinhe June Fresh Shanghai Red Hot Soy Sauce 1L x 2Pack,$22.49 ,$1.12 / 100ML,/shop/productdetails/1073962958/xinhe-june-fresh-shanghai-red-hot-soy-sauce-1l-x-2pack
233816,9cha Milk Tea Original No Added Sugar 500ml,$3.85 ,$0.77 / 100ML,/shop/productdetails/233816/9cha-milk-tea-original-no-added-sugar
827013,B2 Luncheon Meat Spicy Pork 340g,$3.50 ,$1.03 / 100G,/shop/productdetails/827013/b2-luncheon-meat-spicy-pork
1073908284,Cadbury Dairy Milk Chocolate Bar 75g 42pc,$85.00 ,$2.02 / 1EA,/shop/productdetails/1073908284/cadbury-dairy-milk-chocolate-bar-75g-42pc
1074252165,Caterers Choice Sesame Seeds 1Kg,$34.96 ,$3.50 / 100G,/shop/productdetails/1074252165/caterers-choice-sesame-seeds-1kg
1074133497,Cavendish and Harvey Double Fruit Blackcurrant Drops Filled With Apple 175gm Tin Sweets x 10,$55.00 ,$5.50 / 1EA,/shop/productdetails/1074133497/cavendish-and-harvey-double-fruit-blackcurrant-drops-filled-with-apple-175gm-tin-sweets-x-10
1074133494,Cavendish and Harvey Wild Berry Drops 175g Tin Sweets Candy Lollies x 10,$55.00 ,$5.50 / 1EA,/shop/productdetails/1074133494/cavendish-and-harvey-wild-berry-drops-175g-tin-sweets-candy-lollies-x-10
1073959851,Core Organics Certified Organic Australian Ghee 500ml Per Jar,$37.85 ,$7.57 / 100ML,/shop/productdetails/1073959851/core-organics-certified-organic-australian-ghee-500ml-per-jar
279912,Dollar Sweets Vanilla Bean Grinder 7g,$11.00 ,$157.14 / 100G,/shop/productdetails/279912/dollar-sweets-vanilla-bean-grinder
1074025783,Foda Organic Italian Lasagna Vegan Pasta Noodles 12pc 500g,$49.95 ,$4.16 / 1EA,/shop/productdetails/1074025783/foda-organic-italian-lasagna-vegan-pasta-noodles-12pc-500g
1073890239,Food to Nourish Berrylicious Sprouted Snack Box 45g 12pack,$54.00 ,$10.00 / 100G,/shop/productdetails/1073890239/food-to-nourish-berrylicious-sprouted-snack-box-45g-12pack
1074314852,"Fruit-tella Fruit First Berries, Strawberry & Raspberry, 10 x 120g",$18.00 ,$1.50 / 100G,/shop/productdetails/1074314852/fruit-tella-fruit-first-berries-strawberry-raspberry-10-x-120g
1073964238,Goodmix Blend 11 - Wholefood Breakfast Booster 150g,$11.22 ,$374.00 / 100G,/shop/productdetails/1073964238/goodmix-blend-11-wholefood-breakfast-booster-150g
1074050988,Haribo Balla Stixx Strawberry Bag 140g 4PK,$23.00 ,$5.75 / 1EA,/shop/productdetails/1074050988/haribo-balla-stixx-strawberry-bag-140g-4pk
1074025835,Haribo Goldbears Mini Bags Bucket 980g Candy 200PK,$52.00 ,$26.00 / 100EA,/shop/productdetails/1074025835/haribo-goldbears-mini-bags-bucket-980g-candy-200pk
1073908332,Hostess Frosted Chocolate Cupcakes 360g 2x 8pc,$32.00 ,$2.00 / 1EA,/shop/productdetails/1073908332/hostess-frosted-chocolate-cupcakes-360g-2x-8pc
803829,Hot Kids Ball Cake Honey Flavour 210g,$3.35 ,$1.60 / 100G,/shop/productdetails/803829/hot-kids-ball-cake-honey-flavour
1074214972,Island Curries Butter Chicken Gluten Free Curry Paste 1kg,$29.95 ,$3.00 / 100G,/shop/productdetails/1074214972/island-curries-butter-chicken-gluten-free-curry-paste-1kg
1074025817,Jelly Belly 10 Assorted Flavours 28g Jelly Beans Pouch 30pc,$49.95 ,$1.67 / 1EA,/shop/productdetails/1074025817/jelly-belly-10-assorted-flavours-28g-jelly-beans-pouch-30pc
1074025774,Jelly Belly Fruit Mix Jelly Beans Candy Sweets 12pc 100g,$64.00 ,$5.33 / 1EA,/shop/productdetails/1074025774/jelly-belly-fruit-mix-jelly-beans-candy-sweets-12pc-100g
753907,Katoomba Garlic 1kg,$4.80 ,$0.05 / 10G,/shop/productdetails/753907/katoomba-garlic
82962,Katoomba Great Northern Beans Dry 1kg,$4.75 ,$0.48 / 100G,/shop/productdetails/82962/katoomba-great-northern-beans-dry
1073792386,Kialla Pure Organic Spelt Flour 700g,$11.99 ,$11.99 / 1EA,/shop/productdetails/1073792386/kialla-pure-organic-spelt-flour-700g
519375,Knorr Liquid Seasoning 835ml,$13.00 ,$1.56 / 100ML,/shop/productdetails/519375/knorr-liquid-seasoning
1074027140,Le Jin Ji Breadstick Creamy Original Flavor 380g&nbsp;X 3Pack,$21.99 ,$1.93 / 100G,/shop/productdetails/1074027140/le-jin-ji-breadstick-creamy-original-flavor-380g-nbsp-x-3pack
1073918856,Macro Chia Black 350g x 6pk,$36.40 ,$17.33 / 1KG,/shop/productdetails/1073918856/macro-chia-black-350g-x-6pk
1074114376,Marie Ange di Costa Italian Flower Fairy Circular Tin with Praline Chocolates in Rose 250g,$20.00 ,$8.00 / 100G,/shop/productdetails/1074114376/marie-ange-di-costa-italian-flower-fairy-circular-tin-with-praline-chocolates-in-rose-250g
1073778677,Naturally Sweet Birch Xylitol 500g,$24.95 ,$0.62 / 100ML,/shop/productdetails/1073778677/naturally-sweet-birch-xylitol-500g
175291,Nestle Polo Mints 34g,$1.75 ,$5.15 / 100G,/shop/productdetails/175291/nestle-polo-mints
1074051171,Nostalgic Art Mint Tin Box BMW Drivers Only Fresh Breath Hard Candy 6cm 2PK,$23.00 ,$11.50 / 1EA,/shop/productdetails/1074051171/nostalgic-art-mint-tin-box-bmw-drivers-only-fresh-breath-hard-candy-6cm-2pk
1074051191,Nostalgic Art Mint Tin Box BMW Logo Blue Shine Hard Candy Mints 6cm 2pk,$23.00 ,$11.50 / 1EA,/shop/productdetails/1074051191/nostalgic-art-mint-tin-box-bmw-logo-blue-shine-hard-candy-mints-6cm-2pk
1074051099,Nostalgic Art Mint Tin Box XL BMW Drivers Only Fresh Breath Hard Candy 10cm 2pk,$28.00 ,$14.00 / 1EA,/shop/productdetails/1074051099/nostalgic-art-mint-tin-box-xl-bmw-drivers-only-fresh-breath-hard-candy-10cm-2pk
1074324700,Organic Pumpkin Golden Nugget Garden Plant Seeds,$18.00 ,$18.00 / 1EA,/shop/productdetails/1074324700/organic-pumpkin-golden-nugget-garden-plant-seeds
296604,Pablo & Rusty Specialty Coffee Concentrate Pioneer Concentrate 500ml,$10.00 ,$2.00 / 100ML,/shop/productdetails/296604/pablo-rusty-specialty-coffee-concentrate-pioneer-concentrate
296722,Pablo & Rusty Specialty Coffee Concentrate Porter St 500ml,$10.00 ,$2.00 / 100ML,/shop/productdetails/296722/pablo-rusty-specialty-coffee-concentrate-porter-st
1073983040,Paldo Stir-Fried Chicken Noodle with Spicy Soy Sauce 130g * 4bag X 4Pack,$38.79 ,$0.93 / 100G,/shop/productdetails/1073983040/paldo-stir-fried-chicken-noodle-with-spicy-soy-sauce-130g-4bag-x-4pack
1074212673,SNAXX Keto Choc Brownie 4 Pack - Bundle x 2,$23.90 ,$11.95 / 1EA,/shop/productdetails/1074212673/snaxx-keto-choc-brownie-4-pack-bundle-x-2
285847,Splenda Plant Based Low Calorie Sweetener 80 Pack,$16.80 ,$10.50 / 100G,/shop/productdetails/285847/splenda-plant-based-low-calorie-sweetener
1073961057,Super Kawaii Showbag,$34.00 ,,/shop/productdetails/1073961057/super-kawaii-showbag
1073834505,The Monday Food Co Keto Granola Sweet Cinnamon Pecan 300g,$18.95 ,$18.95 / 1EA,/shop/productdetails/1073834505/the-monday-food-co-keto-granola-sweet-cinnamon-pecan-300g
1073958716,Tweed Real Food BBQ Master Rub 150g,$30.95 ,$20.63 / 100G,/shop/productdetails/1073958716/tweed-real-food-bbq-master-rub-150g
309680,Will & Co Coffee Concentrate 375ml,$7.50 ,$2.00 / 100ML,/shop/productdetails/309680/will-co-coffee-concentrate
1073961064,Yupi Gummy Candies Showbag,$18.00 ,$18.00 / 1EA,/shop/productdetails/1073961064/yupi-gummy-candies-showbag
232497,9cha Jasmine Flavoured Milk Tea 500ml,$3.85 ,$0.77 / 100ML,/shop/productdetails/232497/9cha-jasmine-flavoured-milk-tea
230881,9cha Milk Tea Original 500ml,$3.85 ,$0.77 / 100ML,/shop/productdetails/230881/9cha-milk-tea-original
1074081924,Alpen Blend Drinking Chocolate 1.4kg,$60.55 ,,/shop/productdetails/1074081924/alpen-blend-drinking-chocolate-1-4kg
1074025869,Arkadia Chai Latte Tea Coffee Spice Powder 1KG,$35.00 ,$3.50 / 100G,/shop/productdetails/1074025869/arkadia-chai-latte-tea-coffee-spice-powder-1kg
1074051136,Cadbury Caramel Chocolate Chomp Sharepack 150g 3x 10pc,$24.00 ,$8.00 / 1EA,/shop/productdetails/1074051136/cadbury-caramel-chocolate-chomp-sharepack-150g-3x-10pc
1073908244,Cadbury Caramello Super Bag Showbag - 18pc,$25.00 ,$25.00 / 1EA,/shop/productdetails/1073908244/cadbury-caramello-super-bag-showbag-18pc
1073908228,Cadbury Curly Wurly Showbag - 9pc,$17.00 ,$17.00 / 1EA,/shop/productdetails/1073908228/cadbury-curly-wurly-showbag-9pc
307504,Campos Dark City Coffee Beans Balanced & Hearty Blend 500g,$29.00 ,$5.80 / 100G,/shop/productdetails/307504/campos-dark-city-coffee-beans-balanced-hearty-blend
1074252149,Caterers Choice Tomato Puree 2.95Kg,$48.46 ,,/shop/productdetails/1074252149/caterers-choice-tomato-puree-2-95kg
1074133479,Cavendish and Harvey Caramel With Chocolate Drops 130g Tin Sweets Candy Lollies x 12,$64.00 ,$5.33 / 1EA,/shop/productdetails/1074133479/cavendish-and-harvey-caramel-with-chocolate-drops-130g-tin-sweets-candy-lollies-x-12
1074133502,Cavendish and Harvey Deluxe Coffee Drops 175g Tin Sweets Candy Lollies x 10,$55.00 ,$5.50 / 1EA,/shop/productdetails/1074133502/cavendish-and-harvey-deluxe-coffee-drops-175g-tin-sweets-candy-lollies-x-10
1074133489,Cavendish and Harvey Sour Cherry Drops 200g Tin Sweets Candy Lollies x 10,$55.00 ,$5.50 / 1EA,/shop/productdetails/1074133489/cavendish-and-harvey-sour-cherry-drops-200g-tin-sweets-candy-lollies-x-10
1074133495,Cavendish and Harvey Tin Sweets 175g Sugar Free Wild Berry x 10,$65.00 ,$6.50 / 1EA,/shop/productdetails/1074133495/cavendish-and-harvey-tin-sweets-175g-sugar-free-wild-berry-x-10
1074133492,Cavendish and Harvey Tropical Fruit Drops 175g Tin Candy Lollies Sugar Free x 10,$65.00 ,$6.50 / 1EA,/shop/productdetails/1074133492/cavendish-and-harvey-tropical-fruit-drops-175g-tin-candy-lollies-sugar-free-x-10
123894,Eaglobe Handmade Noodles Spinach 250g,$5.00 ,$2.00 / 100G,/shop/productdetails/123894/eaglobe-handmade-noodles-spinach
219699,Fine Fettle Broc & Cauli Rice 50g,$7.00 ,$14.00 / 100G,/shop/productdetails/219699/fine-fettle-broc-cauli-rice
168889,Goulburn Valley Orchard Splash Peaches In Passionfruit Infused Water 160g X2 Pack,$4.50 ,$14.06 / 1KG,/shop/productdetails/168889/goulburn-valley-orchard-splash-peaches-in-passionfruit-infused-water
1074027185,Haohuanluo Liuzhou Instant Spicy Snail Flavor Rice Noodles 400g&nbsp;X 2Pack,$16.99 ,$2.12 / 100G,/shop/productdetails/1074027185/haohuanluo-liuzhou-instant-spicy-snail-flavor-rice-noodles-400g-nbsp-x-2pack
274623,Heng Shun Chin Kiang Vinegar 550ml,$2.80 ,$0.51 / 100ML,/shop/productdetails/274623/heng-shun-chin-kiang-vinegar
66855,Hot Pot Dips Spicy 140g,$2.55 ,$1.82 / 100G,/shop/productdetails/66855/hot-pot-dips-spicy
161944,Illy Coffee Capsules Lungo Classico 10 Pack,$6.00 ,$0.60 / 1EA,/shop/productdetails/161944/illy-coffee-capsules-lungo-classico
1074027182,Indomie Hot & Spicy Mi Goreng 80g*10bags X 3Pack,$27.99 ,$1.17 / 100G,/shop/productdetails/1074027182/indomie-hot-spicy-mi-goreng-80g-10bags-x-3pack
1074215947,Island Curries Curry Jars No.2 Goan Curry 225g Butter Chicken Curry 225g Gluten Free Curry Paste Duo,$25.90 ,$5.76 / 100G,/shop/productdetails/1074215947/island-curries-curry-jars-no-2-goan-curry-225g-butter-chicken-curry-225g-gluten-free-curry-paste-duo
1074025896,Jelly Belly Strawberry Cheesecake Jelly Bean Bag 1kg,$39.00 ,$3.90 / 100G,/shop/productdetails/1074025896/jelly-belly-strawberry-cheesecake-jelly-bean-bag-1kg
1074044181,JinJin Ice Pops Passion Fruit Flavour 8pcs 680ml X 3Pack,$19.99 ,$6.66 / 1EA,/shop/productdetails/1074044181/jinjin-ice-pops-passion-fruit-flavour-8pcs-680ml-x-3pack
176063,Keoghs Flame Grilled Irish Steak Crinkle Cut 50g,$3.30 ,$6.60 / 100G,/shop/productdetails/176063/keoghs-flame-grilled-irish-steak-crinkle-cut
1073944509,Keto Naturals Cookies Buttery Coconut 64g 2pack,$13.90 ,$10.86 / 100G,/shop/productdetails/1073944509/keto-naturals-cookies-buttery-coconut-64g-2pack
204788,Kialla Pure Organics Overnight Oats Cacao 300g,$8.00 ,$2.67 / 100G,/shop/productdetails/204788/kialla-pure-organics-overnight-oats-cacao
1074032799,Kikkoman Soy Sauce 2L x 2,$51.79 ,$25.90 / 1EA,/shop/productdetails/1074032799/kikkoman-soy-sauce-2l-x-2
827060,Koh Kae Peanuts Bbq 230g,$4.30 ,$17.92 / 1KG,/shop/productdetails/827060/koh-kae-peanuts-bbq
112749,La Morena Diced Chipotle Pepper 230g,$6.00 ,$2.61 / 100G,/shop/productdetails/112749/la-morena-diced-chipotle-pepper
1074159914,Lanes BBQ Brisket/Ancho Combo - 340g - LANESBRISKETANCHOCOMBO340,$38.80 ,,/shop/productdetails/1074159914/lanes-bbq-brisket-ancho-combo-340g-lanesbrisketanchocombo340
1074032616,Liebers Everything Bagel Seasoning 240g,$28.49 ,$1.19 / 10G,/shop/productdetails/1074032616/liebers-everything-bagel-seasoning-240g
1073908311,Lollipops Showbag - 14pc,$17.00 ,$17.00 / 1EA,/shop/productdetails/1073908311/lollipops-showbag-14pc
1073933351,Macro Australian Organic Rolled Oats 500g 6pk,$16.39 ,$0.55 / 100G,/shop/productdetails/1073933351/macro-australian-organic-rolled-oats-500g-6pk
1073994243,Mad Dog - Chilli Jam & Salsa and Flamin' Hot Sauce containing 7 assorted products,$69.99 ,,/shop/productdetails/1073994243/mad-dog-chilli-jam-salsa-and-flamin-hot-sauce-containing-7-assorted-products
129625,Maya Kaimal Madras Curry Indian Simmer Sauce 354g,$12.95 ,$3.66 / 100G,/shop/productdetails/129625/maya-kaimal-madras-curry-indian-simmer-sauce
234607,Mr Chen's Korean Fried Chicken Meal Kit 259g,$8.50 ,$3.28 / 100G,/shop/productdetails/234607/mr-chen-s-korean-fried-chicken-meal-kit
152095,Muraca Le Specialita Spicy Hot Cream Peppers 280g,$8.20 ,$2.93 / 100G,/shop/productdetails/152095/muraca-le-specialita-spicy-hot-cream-peppers
288330,Natural Vanilla Alchohol Free Vanilla Extract 50ml,$10.00 ,,/shop/productdetails/288330/natural-vanilla-alchohol-free-vanilla-extract
265829,Nestle Peppermint Crisp Large 50g,$2.30 ,$4.69 / 100G,/shop/productdetails/265829/nestle-peppermint-crisp-large
80828,Nestle Sweet Cream Kashta 170g,$3.00 ,$1.76 / 100G,/shop/productdetails/80828/nestle-sweet-cream-kashta
1073908280,Oreo Snack Pack 38g Chocolate Creme Biscuits 12PK,$16.00 ,$1.33 / 1EA,/shop/productdetails/1073908280/oreo-snack-pack-38g-chocolate-creme-biscuits-12pk
1074032884,"Popcorners 24 Snack Bags Variety Pack, 24 x 28g bags, 672g",$48.99 ,$2.04 / 1EA,/shop/productdetails/1074032884/popcorners-24-snack-bags-variety-pack-24-x-28g-bags-672g
1073959980,Pukka Herbs Lemongrass & Ginger Tea Bags 2x20packs,$17.90 ,$0.45 / 1EA,/shop/productdetails/1073959980/pukka-herbs-lemongrass-ginger-tea-bags-2x20packs
282464,Queen Natural Dark Choc Flavouring Paste 100g,$5.00 ,$5.00 / 100G,/shop/productdetails/282464/queen-natural-dark-choc-flavouring-paste
1074114330,S&B Curry Sauce With Vegetables Mild 210g X 4Pack,$21.99 ,$4.40 / 1EA,/shop/productdetails/1074114330/s-b-curry-sauce-with-vegetables-mild-210g-x-4pack
1074212684,SNAXX Keto Choc Cupcake 2 Pack - Bundle x 3,$22.95 ,$7.65 / 1EA,/shop/productdetails/1074212684/snaxx-keto-choc-cupcake-2-pack-bundle-x-3
1074032774,Shneiders Candy Planet Vegan Zikitoz 150G x 4,$35.99 ,$9.00 / 1EA,/shop/productdetails/1074032774/shneiders-candy-planet-vegan-zikitoz-150g-x-4
1073811797,Sweet Treats Gourmet Chocolate Nuts & Cracker Snack Gift Hamper,$109.95 ,,/shop/productdetails/1073811797/sweet-treats-gourmet-chocolate-nuts-cracker-snack-gift-hamper
1074023459,Tastebuds Vodka Cruiser and Lindt With Belgian Chocolate Bouquet,$79.00 ,,/shop/productdetails/1074023459/tastebuds-vodka-cruiser-and-lindt-with-belgian-chocolate-bouquet
1073958705,Tweed Real Food - BBQ Deluxe Gift Hamper,$66.95 ,$66.95 / 1EA,/shop/productdetails/1073958705/tweed-real-food-bbq-deluxe-gift-hamper
1073976491,Uncle Lee Shredded Pork 210g* 2pack,$33.39 ,$7.95 / 100G,/shop/productdetails/1073976491/uncle-lee-shredded-pork-210g-2pack
1073962970,Wang Zhihe Refined Wine 500ml X 3Pack,$16.19 ,$1.08 / 100ML,/shop/productdetails/1073962970/wang-zhihe-refined-wine-500ml-x-3pack
247957,Woolworths Ground Coffee Espresso 250g,,,/shop/productdetails/247957/woolworths-ground-coffee-espresso
1074032684,Achva Tahini 3Kg,$69.29 ,$2.31 / 100G,/shop/productdetails/1074032684/achva-tahini-3kg
193791,Al Wadi Pickled Cucumbers 600g,$4.00 ,$0.67 / 100G,/shop/productdetails/193791/al-wadi-pickled-cucumbers
1073927521,Arkadia Turmeric Latte Powder 2PK 500g,$39.00 ,$19.50 / 1EA,/shop/productdetails/1073927521/arkadia-turmeric-latte-powder-2pk-500g
1074051109,Cadbury Chocolate Clinkers Treats Bag 300g 3PK,$29.00 ,$9.67 / 1EA,/shop/productdetails/1074051109/cadbury-chocolate-clinkers-treats-bag-300g-3pk
1074050999,Cadbury Flake Bites Chocolate Bag 150g 3PK,$23.00 ,$7.67 / 1EA,/shop/productdetails/1074050999/cadbury-flake-bites-chocolate-bag-150g-3pk
1074050991,Cadbury Milk Chocolate Covered Scorched Almonds Bag 120g 3PK,$21.00 ,$7.00 / 1EA,/shop/productdetails/1074050991/cadbury-milk-chocolate-covered-scorched-almonds-bag-120g-3pk
1074041673,Caterers Choice Cracked Wheat 1Kg,$28.58 ,$2.86 / 100G,/shop/productdetails/1074041673/caterers-choice-cracked-wheat-1kg
1074040326,Caterers Choice Peanuts Granulated 1Kg,$19.22 ,$1.92 / 100G,/shop/productdetails/1074040326/caterers-choice-peanuts-granulated-1kg
1074133480,Cavendish and Harvey Caramel With Coffee Drops 130g Tin Sweets Candy Lollies x 12,$64.00 ,$5.33 / 1EA,/shop/productdetails/1074133480/cavendish-and-harvey-caramel-with-coffee-drops-130g-tin-sweets-candy-lollies-x-12
1074133477,Cavendish and Harvey Creamy Butterscotch Drops 175g Tin Sweets Candy Lollies x 10,$55.00 ,$5.50 / 1EA,/shop/productdetails/1074133477/cavendish-and-harvey-creamy-butterscotch-drops-175g-tin-sweets-candy-lollies-x-10
1074133493,Cavendish and Harvey Tropical Fruit Drops 200g Tin Sweets Candy Lollies x 10,$55.00 ,$5.50 / 1EA,/shop/productdetails/1074133493/cavendish-and-harvey-tropical-fruit-drops-200g-tin-sweets-candy-lollies-x-10
1074045768,ChaCha Sunflower Seeds Sichuan Pepper Flavor 160g X4Pack,$19.99 ,$5.00 / 1EA,/shop/productdetails/1074045768/chacha-sunflower-seeds-sichuan-pepper-flavor-160g-x4pack
1073902187,Food to Nourish Sprouted Clusters Hibiscus Lemon & Blueberry 250g,$12.95 ,$25.90 / 100ML,/shop/productdetails/1073902187/food-to-nourish-sprouted-clusters-hibiscus-lemon-blueberry-250g
819282,Green Hill Bulgur Brown Coarse 1kg,$2.95 ,$0.30 / 100G,/shop/productdetails/819282/green-hill-bulgur-brown-coarse
1074025906,Grill Society BBQ Rub Barbeque Seasoning Set 3pc,$32.00 ,$32.00 / 1EA,/shop/productdetails/1074025906/grill-society-bbq-rub-barbeque-seasoning-set-3pc
1073927463,Haribo Happy Cherries Gummies Bag 140g 4PK,$23.00 ,$5.75 / 1EA,/shop/productdetails/1073927463/haribo-happy-cherries-gummies-bag-140g-4pk
1073927512,Haribo Starmix Car Cup Gummies 190g 4PK,$24.00 ,$6.00 / 1EA,/shop/productdetails/1073927512/haribo-starmix-car-cup-gummies-190g-4pk
155960,Indya Basil Seeds Drink Lychee Flavour 290ml,$2.30 ,$0.79 / 100ML,/shop/productdetails/155960/indya-basil-seeds-drink-lychee-flavour
827029,Jade Phoenix Snow Fungus 50g,$3.70 ,$7.40 / 100G,/shop/productdetails/827029/jade-phoenix-snow-fungus
1073908246,Jelly Belly Fruit Mix Jelly Bean Bag 70g 12PK,$50.00 ,$4.17 / 1EA,/shop/productdetails/1073908246/jelly-belly-fruit-mix-jelly-bean-bag-70g-12pk
271771,Kialla Pure Organics Cookie Dough Porridge 300g,$8.00 ,$2.67 / 100G,/shop/productdetails/271771/kialla-pure-organics-cookie-dough-porridge
205745,Kialla Pure Organics Overnight Apple Cinnamon 300g,$8.00 ,$2.67 / 100G,/shop/productdetails/205745/kialla-pure-organics-overnight-apple-cinnamon
309564,Lavazza Tales Of Italy Eternal Roma Ground Coffee 250g,$8.40 ,$3.36 / 100G,/shop/productdetails/309564/lavazza-tales-of-italy-eternal-roma-ground-coffee
1074159618,MOIST A.P. Meat Bomb Turbo Boost Meat Flavour Injection 500G - MOIST-MEAT-BOMB,$37.75 ,,/shop/productdetails/1074159618/moist-a-p-meat-bomb-turbo-boost-meat-flavour-injection-500g-moist-meat-bomb
155243,Marco Polo European Foods Borlotti Beans 375g,$2.95 ,$0.79 / 100G,/shop/productdetails/155243/marco-polo-european-foods-borlotti-beans
67416,Mogu Mogu Peach Drink 320ml,,,/shop/productdetails/67416/mogu-mogu-peach-drink
1074032850,"Morinaga Hi-Chew Fruit Candy Variety Pack 12 x 57g Sticks, 684g Total",$35.25 ,$17.63 / 1EA,/shop/productdetails/1074032850/morinaga-hi-chew-fruit-candy-variety-pack-12-x-57g-sticks-684g-total
1074310670,"Mother's Day Collection Chocolate Gift Box, 6 Pieces | 65g",$10.95 ,$16.85 / 100G,/shop/productdetails/1074310670/mother-s-day-collection-chocolate-gift-box-6-pieces-65g
1073778835,Naturally Sweet Erythritol 500g,$18.95 ,$3.79 / 100G,/shop/productdetails/1073778835/naturally-sweet-erythritol-500g
1074032814,Nescafe Original Granulated Coffee 382 Cups 650g,$41.25 ,$6.35 / 100G,/shop/productdetails/1074032814/nescafe-original-granulated-coffee-382-cups-650g
151686,Nonna Maria's Authentic Passata 660g,$3.60 ,$0.55 / 100G,/shop/productdetails/151686/nonna-marias-nonna-maria-s-authentic-passata
1074051192,Nostalgic Art Mint Box Metal 6cm Tin KeepCalm Hard Candy Mints 2PK,$23.00 ,$11.50 / 1EA,/shop/productdetails/1074051192/nostalgic-art-mint-box-metal-6cm-tin-keepcalm-hard-candy-mints-2pk
529043,Osha Koonmoon Rice Sticks 500g,$3.00 ,$0.60 / 100G,/shop/productdetails/529043/osha-koonmoon-rice-sticks
1073983145,QiaQia King Sunflower Seeds Original Flavour 110g X 4Pack,$18.99 ,$4.32 / 100G,/shop/productdetails/1073983145/qiaqia-king-sunflower-seeds-original-flavour-110g-x-4pack
1074032750,Rejwan Turkish Coffee 100g,$25.49 ,$12.75 / 1EA,/shop/productdetails/1074032750/rejwan-turkish-coffee-100g
1074025905,Rivsalt Kitchen Himalayan Pink Rock Salt/Grater/Oak Stand 22cm 3pc,$69.00 ,$23.00 / 1EA,/shop/productdetails/1074025905/rivsalt-kitchen-himalayan-pink-rock-salt-grater-oak-stand-22cm-3pc
120054,Royal Family Custard Mochi Lemon 168g,$3.50 ,$2.08 / 100G,/shop/productdetails/120054/royal-family-custard-mochi-lemon
1074119495,Samyang Hot Chicken Jjajang Flavor 140g*5Bags X 4Pack,$45.99 ,$11.50 / 1EA,/shop/productdetails/1074119495/samyang-hot-chicken-jjajang-flavor-140g-5bags-x-4pack
1074027180,Samyang Potato Noodles in Soup 120g*5bag/pack&nbsp;X 4Pack,$41.99 ,$1.75 / 100EA,/shop/productdetails/1074027180/samyang-potato-noodles-in-soup-120g-5bag-pack-nbsp-x-4pack
1074032802,Skippy Creamy Peanut Butter Smooth 1.81kg x 2,$48.99 ,$24.50 / 1EA,/shop/productdetails/1074032802/skippy-creamy-peanut-butter-smooth-1-81kg-x-2
233133,Snakz Bites Salted Egg Spread 250g,$5.50 ,$2.20 / 100G,/shop/productdetails/233133/snazk-snakz-bites-salted-egg-spread
1074027541,Strong Food Cici Fruit Jelly Grape & Apple Flavor 200g X 3Pack,$12.59 ,$2.10 / 100G,/shop/productdetails/1074027541/strong-food-cici-fruit-jelly-grape-apple-flavor-200g-x-3pack
1074046472,TRUFF Truffle Infused Mini White Hot Sauce Travel Pack Gluten Free 43g x 4,$72.95 ,$42.41 / 100G,/shop/productdetails/1074046472/truff-truffle-infused-mini-white-hot-sauce-travel-pack-gluten-free-43g-x-4
1073994259,Tasmanian Honey Meadow Metal Can 750g,$23.50 ,$3.13 / 100G,/shop/productdetails/1073994259/tasmanian-honey-meadow-metal-can-750g
1074089071,Tastebuds Hearts Of Gold Bucket,$69.00 ,,/shop/productdetails/1074089071/tastebuds-hearts-of-gold-bucket
1074032877,Tuscanini Traditional Italian Pizza Sauce 690g x 2,$38.99 ,$19.50 / 1EA,/shop/productdetails/1074032877/tuscanini-traditional-italian-pizza-sauce-690g-x-2
1073959408,Uncle Lee Pork Puff Pastry 450g * 2pack,$59.99 ,$6.67 / 100G,/shop/productdetails/1073959408/uncle-lee-pork-puff-pastry-450g-2pack
1073865591,Undivided Food Co Good Sugo Napoli Sauce 375g,$10.50 ,$2.80 / 100G,/shop/productdetails/1073865591/undivided-food-co-good-sugo-napoli-sauce-375g
153392,Wagh Bakri Instant Masala Tea 10 Pack,,,/shop/productdetails/153392/wagh-bakri-instant-masala-tea
1074050931,Werther's Original Creamy Fillng Candy Bag 125g 6pk,$31.00 ,$5.17 / 1EA,/shop/productdetails/1074050931/werther-s-original-creamy-fillng-candy-bag-125g-6pk
1074032848,7D Dried Mangoes 100g x 3,$35.99 ,$12.00 / 1EA,/shop/productdetails/1074032848/7d-dried-mangoes-100g-x-3
9355,Abla's Pastries Baclava 300g,$10.00 ,$3.33 / 100G,/shop/productdetails/9355/abla-s-pastries-baclava
194722,Al Wadi Date Molasses 700g,$6.40 ,$0.91 / 100G,/shop/productdetails/194722/al-wadi-date-molasses
1074114340,Artisanale Chocolate - Easter Egg - Half - Ginger - Dark Chocolate 67% - x2,$70.00 ,$11.67 / 100G,/shop/productdetails/1074114340/artisanale-chocolate-easter-egg-half-ginger-dark-chocolate-67-x2
105409,Barbican Malt Beverage Non Alcoholic Pomegranate 330ml X6 Pack,$10.95 ,$3.32 / 100ML,/shop/productdetails/105409/barbican-malt-beverage-non-alcoholic-pomegranate
1074032810,Bard Valley Natural Delights Organic Fresh Medjool Dates 907g,$44.99 ,$49.60 / 1KG,/shop/productdetails/1074032810/bard-valley-natural-delights-organic-fresh-medjool-dates-907g
151673,Bhikharam Chandmal Kaju Katli Sweets Cashew Fudge 200g,$7.00 ,$3.50 / 100G,/shop/productdetails/151673/bhikharam-chandmal-kaju-katli-sweets-cashew-fudge
176739,Blue Banner,$6.50 ,$12.38 / 1KG,/shop/productdetails/176739/blue-banner
1073991536,Bragg Liquid Aminos All Purpose Seasoning 473ml,$14.95 ,$3.16 / 100ML,/shop/productdetails/1073991536/bragg-liquid-aminos-all-purpose-seasoning-473ml
1073945914,Broth & Co Grass Fed Beef Bone Broth Liquid 300ml x 2pack,$17.90 ,$2.98 / 100ML,/shop/productdetails/1073945914/broth-co-grass-fed-beef-bone-broth-liquid-300ml-x-2pack
1073779529,Buddha Teas Nettle Leaf Tea 18serve,$8.00 ,$0.44 / 1EA,/shop/productdetails/1073779529/buddha-teas-nettle-leaf-tea-18serve
1073962375,Cadbury Family Deal Showbag,$27.00 ,,/shop/productdetails/1073962375/cadbury-family-deal-showbag
1073908278,Cadbury Fry's Turkish Delight 76g - 28pc,$59.95 ,$2.14 / 1EA,/shop/productdetails/1073908278/cadbury-fry-s-turkish-delight-76g-28pc
1074133478,Cavendish and Harvey Barley Sugar Drops 200g Tin Sweets Candy Lollies x 10,$55.00 ,$5.50 / 1EA,/shop/productdetails/1074133478/cavendish-and-harvey-barley-sugar-drops-200g-tin-sweets-candy-lollies-x-10
1074133496,Cavendish and Harvey Double Fruit Cherry Drops Filled With Lime 175gm Tin Sweets x 10,$55.00 ,$5.50 / 1EA,/shop/productdetails/1074133496/cavendish-and-harvey-double-fruit-cherry-drops-filled-with-lime-175gm-tin-sweets-x-10
1074170549,Cavendish and Harvey Double Fruit Drops Grapefruit with Pineapple Filling 175g x 10,$55.00 ,$5.50 / 1EA,/shop/productdetails/1074170549/cavendish-and-harvey-double-fruit-drops-grapefruit-with-pineapple-filling-175g-x-10
1074133498,Cavendish and Harvey Double Fruit Lemon Drops Filled With Strawberry 175gm Tin Sweets x 10,$55.00 ,$5.50 / 1EA,/shop/productdetails/1074133498/cavendish-and-harvey-double-fruit-lemon-drops-filled-with-strawberry-175gm-tin-sweets-x-10
1074170550,Cavendish and Harvey Filled Mint Choco Drops 130gm x 12,$64.00 ,$5.33 / 1EA,/shop/productdetails/1074170550/cavendish-and-harvey-filled-mint-choco-drops-130gm-x-12
1074133484,Cavendish and Harvey Liquorice Filled Drops 130g Tin Sweets Candy Lollies x 12,$64.00 ,$5.33 / 1EA,/shop/productdetails/1074133484/cavendish-and-harvey-liquorice-filled-drops-130g-tin-sweets-candy-lollies-x-12
1074133487,Cavendish and Harvey Pear & Blackberry Drops 200g Tin Sweets Candy Lollies x 10,$55.00 ,$5.50 / 1EA,/shop/productdetails/1074133487/cavendish-and-harvey-pear-blackberry-drops-200g-tin-sweets-candy-lollies-x-10
1074133483,Cavendish and Harvey Refreshing Cola Drops 175g Tin Sweets Candy Lollies x 10,$55.00 ,$5.50 / 1EA,/shop/productdetails/1074133483/cavendish-and-harvey-refreshing-cola-drops-175g-tin-sweets-candy-lollies-x-10
1074133491,Cavendish and Harvey Sugar Free Mixed Fruit Drops 175g Tin Sweets Candy Lollies x 10,$65.00 ,$6.50 / 1EA,/shop/productdetails/1074133491/cavendish-and-harvey-sugar-free-mixed-fruit-drops-175g-tin-sweets-candy-lollies-x-10
1074032784,David's Kosher Salt 453g x 3,$34.49 ,$11.50 / 1EA,/shop/productdetails/1074032784/david-s-kosher-salt-453g-x-3
279942,Dollar Sweets Colour Gels 4pk,$5.50 ,$9.17 / 100G,/shop/productdetails/279942/dollar-sweets-dollar-sweets-colour-gels
124167,Eaglobe Handmade Noodles Pumpkin 250g,$5.00 ,$2.00 / 100G,/shop/productdetails/124167/eaglobe-handmade-noodles-pumpkin
1074128476,Espressotoria System Espresso Coffee Capsules - 12 Packs,$72.00 ,$6.00 / 1EA,/shop/productdetails/1074128476/espressotoria-system-espresso-coffee-capsules-12-packs
1074160035,Fire and Brimstone Brisket Rub 250gm - BRISKET250,$29.35 ,,/shop/productdetails/1074160035/fire-and-brimstone-brisket-rub-250gm-brisket250
1074314858,"Fruit-tella Hippos, Gelatine & Gluten Free, 10 x 120g",$18.00 ,$1.50 / 100G,/shop/productdetails/1074314858/fruit-tella-hippos-gelatine-gluten-free-10-x-120g
1074133631,"GODIVA Chocolate Signature Milk Chocolate Mini Gourmet Chocolate Bars, Salted Caramel Flavour, (12 Pack)",$80.00 ,$6.67 / 1EA,/shop/productdetails/1074133631/godiva-chocolate-signature-milk-chocolate-mini-gourmet-chocolate-bars-salted-caramel-flavour-12-pack-
1074032678,Gefen Baking Soda 340g x 2,$33.00 ,$16.50 / 1EA,/shop/productdetails/1074032678/gefen-baking-soda-340g-x-2
1073919328,Grass Roots Organic Hemp Hearts 500g,$25.95 ,$324.38 / 100G,/shop/productdetails/1073919328/grass-roots-organic-hemp-hearts-500g
815766,Green Leaf Lemon Juice Substitute 1l,$2.90 ,$0.29 / 100ML,/shop/productdetails/815766/green-leaf-lemon-juice-substitute
160509,Grinders Coffee Ground Espresso 200g,$8.80 ,$4.40 / 100G,/shop/productdetails/160509/grinders-coffee-ground-espresso
698691,Iwisa Maize Meal 2.5kg,$10.50 ,$0.42 / 100G,/shop/productdetails/698691/iwisa-maize-meal
1073908236,Jelly Belly 20 Assorted Flavours Jelly Bean Bag Bag 70g 12PK,$43.00 ,$3.58 / 1EA,/shop/productdetails/1073908236/jelly-belly-20-assorted-flavours-jelly-bean-bag-bag-70g-12pk
1074051083,Jujyfruits Movie Box Candy/Lollies 142g 12PK,$45.00 ,,/shop/productdetails/1074051083/jujyfruits-movie-box-candy-lollies-142g-12pk
1074045901,Lay's Potato Chips Spicy Pot Flavor 70g X 4Pack,$16.99 ,$4.25 / 1EA,/shop/productdetails/1074045901/lay-s-potato-chips-spicy-pot-flavor-70g-x-4pack
1074032751,Liebers Graham Cracker Pie Crust 170g,$25.49 ,$14.99 / 100G,/shop/productdetails/1074032751/liebers-graham-cracker-pie-crust-170g
1074032857,Liebers Pizza Sauce 411g x 4,$32.99 ,$8.25 / 1EA,/shop/productdetails/1074032857/liebers-pizza-sauce-411g-x-4
150758,Loux Orange Juice Drink 6x250ml,,,/shop/productdetails/150758/loux-orange-juice-drink
1073923070,Macro Organic Natural Cashews 5pk Box 500g,$75.00 ,$3.00 / 100G,/shop/productdetails/1073923070/macro-organic-natural-cashews-5pk-box-500g
122207,Mama Oriental Kitchen Salted Egg 85g,$2.50 ,$2.94 / 100G,/shop/productdetails/122207/mama-oriental-kitchen-salted-egg
1074314830,"Mentos Pure Fresh Chewing Gum, Strawberry 30g (Box of 10)",$30.00 ,$2.50 / 100G,/shop/productdetails/1074314830/mentos-pure-fresh-chewing-gum-strawberry-30g-box-of-10-
1074314831,Mentos Pure Fresh Grape Chewing Gum 30g (Box of 10),$30.00 ,$2.50 / 100G,/shop/productdetails/1074314831/mentos-pure-fresh-grape-chewing-gum-30g-box-of-10-
1074314832,Mentos Pure Fresh Spearmint Chewing Gum 30g (Box of 10),$30.00 ,$2.50 / 100G,/shop/productdetails/1074314832/mentos-pure-fresh-spearmint-chewing-gum-30g-box-of-10-
307051,Mood Tea English Breakfast 10 Pack,$5.50 ,$0.55 / 1EA,/shop/productdetails/307051/mood-tea-english-breakfast
47300,Mrs H.s.ball's Chutney Hot 470g,$6.25 ,$13.30 / 1KG,/shop/productdetails/47300/mrs-h-s-ball-s-chutney-hot
857423,Nissin Biscuit Coconut Butter 200g,$2.60 ,$1.30 / 100G,/shop/productdetails/857423/nissin-biscuit-coconut-butter
1074051241,Nostalgic Art Mint Tin Box Brain Pills Fresh Breath Hard Candy Mints 6cm 2PK,$23.00 ,$11.50 / 1EA,/shop/productdetails/1074051241/nostalgic-art-mint-tin-box-brain-pills-fresh-breath-hard-candy-mints-6cm-2pk
1073999243,Nostalgic Art Mint Tin Box Ford Blue Shine Fresh Breath Hard Candy 6cm,$18.00 ,$120.00 / 100G,/shop/productdetails/1073999243/nostalgic-art-mint-tin-box-ford-blue-shine-fresh-breath-hard-candy-6cm
1074051115,Nostalgic Art Mint Tin Box Gents & Ladies Mints Hard Candy 6cm 2pk,$23.00 ,$11.50 / 1EA,/shop/productdetails/1074051115/nostalgic-art-mint-tin-box-gents-ladies-mints-hard-candy-6cm-2pk
1074032764,Osem Tri-Colour Pearl Couscous 250g x 4,$35.99 ,$9.00 / 1EA,/shop/productdetails/1074032764/osem-tri-colour-pearl-couscous-250g-x-4
1074032642,Paskesz Lollies Fruit Chews 340g x 3,$35.99 ,$12.00 / 1EA,/shop/productdetails/1074032642/paskesz-lollies-fruit-chews-340g-x-3
1073935601,Pickle & Spice Beef BBQ Grill Meat Rub 250g x 2 jars,$29.50 ,$5.90 / 100G,/shop/productdetails/1073935601/pickle-spice-beef-bbq-grill-meat-rub-250g-x-2-jars
1073908303,Primo Caffe Coffee Intenso Hermetic Capsules 2PK - 50pc,$44.00 ,$0.44 / 1EA,/shop/productdetails/1073908303/primo-caffe-coffee-intenso-hermetic-capsules-2pk-50pc
1073961642,Pukka Herbs Three Chamomile Tea Bags 20pack x 2,$17.90 ,$0.45 / 1EA,/shop/productdetails/1073961642/pukka-herbs-three-chamomile-tea-bags-20pack-x-2
1074025910,Rivsalt Grater/Oak Holder w/ Dried Organic Yellow/Red Chilli Peppers 2pc,$52.00 ,$52.00 / 1EA,/shop/productdetails/1074025910/rivsalt-grater-oak-holder-w-dried-organic-yellow-red-chilli-peppers-2pc
1074048659,Salter Megastone 37cm Baking Tray,$29.95 ,,/shop/productdetails/1074048659/salter-megastone-37cm-baking-tray
815670,Second House Falafel Mix 200g,$3.75 ,$1.88 / 100G,/shop/productdetails/815670/second-house-falafel-mix
1074046468,TRUFF Black Truffle Pomodoro Red Pasta Sauce Gluten Free 482g x 2 Jars,$59.95 ,$6.22 / 100G,/shop/productdetails/1074046468/truff-black-truffle-pomodoro-red-pasta-sauce-gluten-free-482g-x-2-jars
1074046478,TRUFF White Truffle Infused Hotter Sauce Gluten Free 170g,$58.95 ,$34.68 / 100G,/shop/productdetails/1074046478/truff-white-truffle-infused-hotter-sauce-gluten-free-170g
1074105418,Tao Kae Noi Crispy Nori seaweed snack Tom yum goong 32g X 4Pack,$25.99 ,$5.20 / 1EA,/shop/productdetails/1074105418/tao-kae-noi-crispy-nori-seaweed-snack-tom-yum-goong-32g-x-4pack
1074023539,Tastebuds Chocolates and Shortbread Goodie Box,$59.00 ,,/shop/productdetails/1074023539/tastebuds-chocolates-and-shortbread-goodie-box
1073944650,Tea & Treats Gift Box,$65.00 ,,/shop/productdetails/1073944650/tea-treats-gift-box
1073927465,The Gourmet Collection Spice Blends Set 3pc,$28.00 ,$9.33 / 1EA,/shop/productdetails/1073927465/the-gourmet-collection-spice-blends-set-3pc
1073974653,The Tea Collective Yoga Loose Leaf Organic Herbal Collection 100g,$31.95 ,$31.95 / 100G,/shop/productdetails/1073974653/the-tea-collective-yoga-loose-leaf-organic-herbal-collection-100g
1073961454,Tiberino One-Pot Gourmet Meals Penne Bell Pepper & Eggplant 200g,$12.95 ,,/shop/productdetails/1073961454/tiberino-one-pot-gourmet-meals-penne-bell-pepper-eggplant-200g
1073910814,Truvia for Baking Icing Sweetener 280g,$8.00 ,$16.00 / 100ML,/shop/productdetails/1073910814/truvia-for-baking-icing-sweetener-280g
1073958708,Tweed Real Food Classic Caramelised Splash Balsamic Vinegar 250ml,$20.95 ,$8.38 / 100ML,/shop/productdetails/1073958708/tweed-real-food-classic-caramelised-splash-balsamic-vinegar-250ml
1074025857,Wonka Bottle Caps Candy Lolly 141g Theatre Box 2pk,$16.00 ,$8.00 / 1EA,/shop/productdetails/1074025857/wonka-bottle-caps-candy-lolly-141g-theatre-box-2pk
1074000743,WuMingXiaoZu Crispy Rice Crust Pepper Chips Spicy Flavor 210g X 3Pack,$19.99 ,$6.66 / 1EA,/shop/productdetails/1074000743/wumingxiaozu-crispy-rice-crust-pepper-chips-spicy-flavor-210g-x-3pack
1074032869,Absolute Organic Tri-Colour Quinoa 1.5 kg x 2,$49.00 ,$24.50 / 1EA,/shop/productdetails/1074032869/absolute-organic-tri-colour-quinoa-1-5-kg-x-2
194334,Al Wadi Hummus Chickpea Dip 400g,$2.50 ,$0.63 / 100G,/shop/productdetails/194334/al-wadi-hummus-chickpea-dip
81567,Alameed Coffee Medium With Cardamom Turkish Coffee 250g,$8.90 ,$3.56 / 100G,/shop/productdetails/81567/alameed-coffee-medium-with-cardamom-turkish-coffee
1074121800,Artisanale Chocolate - Easter Egg - Half - Rocky Road - Milk Chocolate 41% - x2,$70.00 ,$11.67 / 100G,/shop/productdetails/1074121800/artisanale-chocolate-easter-egg-half-rocky-road-milk-chocolate-41-x2
1073945704,Artisanale Chocolate -Hamper - Milky Lane (All Milk),$87.00 ,,/shop/productdetails/1073945704/artisanale-chocolate-hamper-milky-lane-all-milk-
1074025791,Australian Bush Spices Red Meat Blend/Rub 60g 2PK,$29.95 ,$14.98 / 1EA,/shop/productdetails/1074025791/australian-bush-spices-red-meat-blend-rub-60g-2pk
105423,Barbican Apple Flavour Malt Beverage 330ml X 6 Pack,$10.95 ,,/shop/productdetails/105423/barbican-apple-flavour-malt-beverage
1073833893,Beforeyouspeak Coffee Collagen Coffee Mocha 30 serve,$69.95 ,$2.33 / 1EA,/shop/productdetails/1073833893/beforeyouspeak-coffee-collagen-coffee-mocha-30-serve
1073833888,Beforeyouspeak Coffee Performance Coffee The Og 30 serve,$69.95 ,$2.33 / 1EA,/shop/productdetails/1073833888/beforeyouspeak-coffee-performance-coffee-the-og-30-serve
103988,Benino Yellow Fefferoni Hot 530g,$6.50 ,$1.12 / 100ML,/shop/productdetails/103988/benino-yellow-fefferoni-hot
1073944512,Bennetto Organic Dark Chocolate Amaranth & Sea Salt 100g 2pack,$13.98 ,$6.99 / 100G,/shop/productdetails/1073944512/bennetto-organic-dark-chocolate-amaranth-sea-salt-100g-2pack
1073945913,Broth & Co Free Range Chicken bone Broth Liquid 300ml x 2pack,$17.90 ,$2.98 / 100ML,/shop/productdetails/1073945913/broth-co-free-range-chicken-bone-broth-liquid-300ml-x-2pack
1074005571,Byron Bay Gifts Gluten Free Christmas Hamper (GF),$125.00 ,,/shop/productdetails/1074005571/byron-bay-gifts-gluten-free-christmas-hamper-gf-
1073908222,Cadbury Cherry Ripe Showbag - 14pc,$17.00 ,$17.00 / 1EA,/shop/productdetails/1073908222/cadbury-cherry-ripe-showbag-14pc
1073961048,Cadbury Furry Friends Showbag,$17.00 ,,/shop/productdetails/1073961048/cadbury-furry-friends-showbag
1074051121,Cadbury Roses Assorted Chocolates 450g 3x,$59.00 ,$19.67 / 1EA,/shop/productdetails/1074051121/cadbury-roses-assorted-chocolates-450g-3x
1074041443,Caterers Choice Garlic Powder 1Kg,$28.68 ,$2.87 / 100G,/shop/productdetails/1074041443/caterers-choice-garlic-powder-1kg
1074252207,Caterers Choice Pistachio Kernels No Shell 1Kg,$87.50 ,$87.50 / 1KG,/shop/productdetails/1074252207/caterers-choice-pistachio-kernels-no-shell-1kg
1074252153,Caterers Choice Red Kidney Beans 1Kg,$37.09 ,$3.71 / 100G,/shop/productdetails/1074252153/caterers-choice-red-kidney-beans-1kg
1074025767,Cholula Original Hot Sauce Condiment 2PK 360ml,$35.00 ,$17.50 / 1EA,/shop/productdetails/1074025767/cholula-original-hot-sauce-condiment-2pk-360ml
1074024179,Coffee Hero Colombian Decaf single origin whole beans 500g,$29.99 ,$6.00 / 100G,/shop/productdetails/1074024179/coffee-hero-colombian-decaf-single-origin-whole-beans-500g
1074024204,Coffee Hero Turkish Delight whole beans 1kg,$59.99 ,$6.00 / 100G,/shop/productdetails/1074024204/coffee-hero-turkish-delight-whole-beans-1kg
1073902822,Comvita UMF 15+ Manuka Honey *not available in WA* 250g,$138.95 ,$55.58 / 100G,/shop/productdetails/1073902822/comvita-umf-15-manuka-honey-not-available-in-wa-250g
1073902823,Comvita UMF 20+ Manuka Honey *not available in WA* 250g,$230.95 ,$92.38 / 100G,/shop/productdetails/1073902823/comvita-umf-20-manuka-honey-not-available-in-wa-250g
1073959850,Core Organics Certified Organic Australian Ghee 500ml Per Jar x 2 jars,$62.50 ,$6.25 / 100ML,/shop/productdetails/1073959850/core-organics-certified-organic-australian-ghee-500ml-per-jar-x-2-jars
717061,Damla Assorted Soft Fruit Filled Lollies 300g,,,/shop/productdetails/717061/damla-assorted-soft-fruit-filled-lollies
296337,Dilmah Premium Ceylon Black Tea 80 Pack,$8.00 ,$0.10 / 1EA,/shop/productdetails/296337/dilmah-premium-ceylon-black-tea
210552,Dollar Sweets Happy Birthday Acrylic Plaque Large Each,$5.00 ,$5.00 / 1EA,/shop/productdetails/210552/dollar-sweets-happy-birthday-acrylic-plaque-large
143995,Donna Hay Gluten Free Self Raising Flour 500g,$7.50 ,$15.00 / 1KG,/shop/productdetails/143995/donna-hay-gluten-free-self-raising-flour
1074032617,Dubble Bubble Homerun Baseball Gum Candy 240 pieces 1.11 kg,$49.00 ,$4.41 / 100G,/shop/productdetails/1074032617/dubble-bubble-homerun-baseball-gum-candy-240-pieces-1-11-kg
1073779617,Egyptian Red Herbal Tea Bags Tea Of The Pharaohs 40pack,$21.95 ,$0.55 / 1EA,/shop/productdetails/1073779617/egyptian-red-herbal-tea-bags-tea-of-the-pharaohs-40pack
201827,El Cielo Green Habanero Chilli Sauce 150ml,$9.00 ,$6.00 / 100ML,/shop/productdetails/201827/el-cielo-green-habanero-chilli-sauce
202111,El Cielo Sliced Jalapenos Strips 220g,$5.00 ,$2.27 / 100G,/shop/productdetails/202111/el-cielo-sliced-jalapenos-strips
1074128495,Espressotoria System Italian Coffee Capsules - 12 Packs,$72.00 ,$6.00 / 1EA,/shop/productdetails/1074128495/espressotoria-system-italian-coffee-capsules-12-packs
1073902188,Food to Nourish Sprouted Clusters Cacao Wattleseed & Hazelnut 250g,$12.95 ,$43.17 / 100ML,/shop/productdetails/1073902188/food-to-nourish-sprouted-clusters-cacao-wattleseed-hazelnut-250g
1074051053,Frys 180g Turkish Delight Sharepack 3x12pc,$27.00 ,$9.00 / 1EA,/shop/productdetails/1074051053/frys-180g-turkish-delight-sharepack-3x12pc
1074001320,"GODIVA Gourmet Chocolate Grand Place Gift Box, 59 Pieces | 1.2kg",$198.00 ,,/shop/productdetails/1074001320/godiva-gourmet-chocolate-grand-place-gift-box-59-pieces-1-2kg
1073999172,Goodmix Blend 11 - Wholefood Breakfast Booster 400g,$17.76 ,$222.00 / 100G,/shop/productdetails/1073999172/goodmix-blend-11-wholefood-breakfast-booster-400g
199803,Gran Luchito Red Fajita Simmer Sauce With Roasted Red Pepper 300g,,,/shop/productdetails/199803/gran-luchito-red-fajita-simmer-sauce-with-roasted-red-pepper
1073919327,Grass Roots Organic Hemp Hearts 250g,$14.95 ,$29.90 / 100ML,/shop/productdetails/1073919327/grass-roots-organic-hemp-hearts-250g
819196,Green Hill Bulgur Brown Fine 1kg,$2.95 ,$0.30 / 100G,/shop/productdetails/819196/green-hill-bulgur-brown-fine
819391,Green Leaf Pickled Cucumber 1kg,$7.00 ,$0.70 / 100G,/shop/productdetails/819391/green-leaf-pickled-cucumber
189303,Green's Golden Gaytime Mousse Mix 195g,$7.00 ,$3.59 / 100G,/shop/productdetails/189303/green-s-golden-gaytime-mousse-mix
277565,Heilala Oak Aged Vanilla Extract 50ml,$15.00 ,,/shop/productdetails/277565/heilala-oak-aged-vanilla-extract
1073807028,Hottea Mama Get Up And Glow 15pack,$15.75 ,$1.05 / 1EA,/shop/productdetails/1073807028/hottea-mama-get-up-and-glow-15pack
1073807033,Hottea Mama Take A Pause 15pk,$15.75 ,$1.05 / 1EA,/shop/productdetails/1073807033/hottea-mama-take-a-pause-15pk
1074034743,Hsu Fu Chi Pineapple Sandwich Cookie 182g X 3Pack,$18.99 ,$6.33 / 1EA,/shop/productdetails/1074034743/hsu-fu-chi-pineapple-sandwich-cookie-182g-x-3pack
1074252191,ISM Salt 2000 Sachets,$49.71 ,$2.49 / 100EA,/shop/productdetails/1074252191/ism-salt-2000-sachets
1074025789,Illy Blend Intenso Bold Roast Espresso Coffee Beans 1500g,$79.00 ,,/shop/productdetails/1074025789/illy-blend-intenso-bold-roast-espresso-coffee-beans-1500g
265964,Ina Paarman Braai & Grill Shaker 200ml,$5.00 ,$2.50 / 100ML,/shop/productdetails/265964/ina-paarman-braai-grill-shaker
1074214957,Island Curries Harissa Gluten Free Curry Paste 1kg,$29.95 ,$3.00 / 100G,/shop/productdetails/1074214957/island-curries-harissa-gluten-free-curry-paste-1kg
1074025806,Jelly Belly Ice Cream Mix Jelly Bean Bag 12PK 70g,$43.00 ,$3.58 / 1EA,/shop/productdetails/1074025806/jelly-belly-ice-cream-mix-jelly-bean-bag-12pk-70g
753899,Katoomba Ginger 1kg,$4.80 ,$0.05 / 10G,/shop/productdetails/753899/katoomba-ginger
83002,Katoomba Ord River Chickpeas 1kg,$6.50 ,$0.65 / 100G,/shop/productdetails/83002/katoomba-ord-river-chickpeas
1074252178,Krio Flavon (Chicken Salt) 800G,$39.13 ,,/shop/productdetails/1074252178/krio-flavon-chicken-salt-800g
1074044221,Lavazza A Modo Mio Passionale Capsules 216 Pods,$150.00 ,$69.44 / 100EA,/shop/productdetails/1074044221/lavazza-a-modo-mio-passionale-capsules-216-pods
1073982304,Lavazza Qualita Rossa Nespresso Compatible Capsules 240 Pods,$140.00 ,$58.33 / 100EA,/shop/productdetails/1073982304/lavazza-qualita-rossa-nespresso-compatible-capsules-240-pods
1074027141,Le Jin Ji Breadstick Cheese Flavor 380g&nbsp;X 3Pack,$21.99 ,$1.93 / 100G,/shop/productdetails/1074027141/le-jin-ji-breadstick-cheese-flavor-380g-nbsp-x-3pack
1073962764,Lee Kum Kee Soy Sauce with Chicken 410ml x 2Pack,$21.49 ,$5.24 / 100ML,/shop/productdetails/1073962764/lee-kum-kee-soy-sauce-with-chicken-410ml-x-2pack
770070,Limca Drink Can 300ml,$2.50 ,$8.33 / 1L,/shop/productdetails/770070/limca-drink-can
1073944504,Loving Earth Creamy Coconut Mylk Chocolate 80g 2pack,$12.95 ,$8.09 / 100G,/shop/productdetails/1073944504/loving-earth-creamy-coconut-mylk-chocolate-80g-2pack
933629,Map Clean Bean Cleaning System Each,$7.50 ,$7.50 / 1EA,/shop/productdetails/933629/map-clean-bean-cleaning-system
1074114455,Marie Ange di Costa Flower Fairy Italian Praline Chocolates Mixed Citrus 200g,$15.00 ,$7.50 / 100G,/shop/productdetails/1074114455/marie-ange-di-costa-flower-fairy-italian-praline-chocolates-mixed-citrus-200g
1074314829,Mentos Pure Fresh Bubble Fresh Chewing Gum 30g (Box of 10),$30.00 ,$2.50 / 100G,/shop/productdetails/1074314829/mentos-pure-fresh-bubble-fresh-chewing-gum-30g-box-of-10-
1074314837,"Mentos Pure Fresh Chewing Gum, Sour Apple 30g (Box of 10)",$30.00 ,$2.50 / 100G,/shop/productdetails/1074314837/mentos-pure-fresh-chewing-gum-sour-apple-30g-box-of-10-
1074314825,"Mentos Pure Fresh Chewing Gum, Sour Grape 30g (Box of 10)",$30.00 ,$2.50 / 100G,/shop/productdetails/1074314825/mentos-pure-fresh-chewing-gum-sour-grape-30g-box-of-10-
1074134287,Ministry of Chocolate Bites Bundle,$95.00 ,,/shop/productdetails/1074134287/ministry-of-chocolate-bites-bundle
1073963421,Miracle Noodle Vegan Spaghetti Marinara 6 x 280g,$39.86 ,$2.37 / 100G,/shop/productdetails/1073963421/miracle-noodle-vegan-spaghetti-marinara-6-x-280g
1074314853,Monin Caramel Syrup 700ml  (Box of 6),$115.00 ,$2.74 / 100ML,/shop/productdetails/1074314853/monin-caramel-syrup-700ml-box-of-6-
1074314854,Monin Hazelnut Syrup 700ml  (Box of 6),$115.00 ,$2.74 / 100ML,/shop/productdetails/1074314854/monin-hazelnut-syrup-700ml-box-of-6-
1074294337,Nippy's 500ml Bottles Iced Coffee Flavoured Milk Pk12,$46.66 ,$7.78 / 1L,/shop/productdetails/1074294337/nippy-s-500ml-bottles-iced-coffee-flavoured-milk-pk12
1073962790,Nissin Ichiban Sesame Oil Flavor 100g*5bag  4pack,$32.80 ,$3.28 / 100G,/shop/productdetails/1073962790/nissin-ichiban-sesame-oil-flavor-100g-5bag-4pack
1074051012,Nostalgic Art Mint Tin Box Crazy Pills Fresh Breath Hard Candy Mints 6cm 2PK,$23.00 ,$11.50 / 1EA,/shop/productdetails/1074051012/nostalgic-art-mint-tin-box-crazy-pills-fresh-breath-hard-candy-mints-6cm-2pk
1074324711,Organic Capsicum Californian Wonder Garden Plant Seeds,$18.00 ,$18.00 / 1EA,/shop/productdetails/1074324711/organic-capsicum-californian-wonder-garden-plant-seeds
1073783137,Organic Times Dark Chocolate Licorice 150g,$11.95 ,$7.97 / 100G,/shop/productdetails/1073783137/organic-times-dark-chocolate-licorice-150g
1074324761,Organic Yellow Zucchini Garden Plant Seeds,$18.00 ,$18.00 / 1EA,/shop/productdetails/1074324761/organic-yellow-zucchini-garden-plant-seeds
1073818933,Pacific Harvest Nori Wild Seaweed Fronds 15g,$10.55 ,$703.33 / 1KG,/shop/productdetails/1073818933/pacific-harvest-nori-wild-seaweed-fronds-15g
1073953000,Planet Organic Colic 25pack,$10.00 ,$0.40 / 1EA,/shop/productdetails/1073953000/planet-organic-colic-25pack
1073953001,Planet Organic Morning Wellness 25pack,$10.00 ,$0.40 / 1EA,/shop/productdetails/1073953001/planet-organic-morning-wellness-25pack
1073959590,Pukka Herbs Three Fennel Tea Bags 2x20packs,$17.90 ,$0.45 / 1EA,/shop/productdetails/1073959590/pukka-herbs-three-fennel-tea-bags-2x20packs
1074297599,SNAXX Keto Porridge - 400g Bag,$25.95 ,$6.49 / 100G,/shop/productdetails/1074297599/snaxx-keto-porridge-400g-bag
1073982900,Samyang Seafood Party Ramen 125g * 5bag X 2Pack,$22.29 ,$1.78 / 100G,/shop/productdetails/1073982900/samyang-seafood-party-ramen-125g-5bag-x-2pack
1074019574,Small Batch Providore - Just Add Cheese Gift Hamper,$90.00 ,,/shop/productdetails/1074019574/small-batch-providore-just-add-cheese-gift-hamper
1074052570,Stitch Coffee Matcha Pods 10pk,$25.00 ,$25.00 / 1EA,/shop/productdetails/1074052570/stitch-coffee-matcha-pods-10pk
1074046471,TRUFF Truffle Infused Mini Hotter Sauce Travel Pack Gluten Free 43g x 4,$52.95 ,$30.78 / 100G,/shop/productdetails/1074046471/truff-truffle-infused-mini-hotter-sauce-travel-pack-gluten-free-43g-x-4
1073961488,The Cocoa Emporium Belgian Dusted Truffles - Wild Berries 150g,$12.95 ,"$1,295.00 / 100G",/shop/productdetails/1073961488/the-cocoa-emporium-belgian-dusted-truffles-wild-berries-150g
1073837569,The Monday Food Co Keto Granola Crunchy Peanut Butter 300g,$18.95 ,$18.95 / 1EA,/shop/productdetails/1073837569/the-monday-food-co-keto-granola-crunchy-peanut-butter-300g
1073837570,The Monday Food Co Keto Granola Crunchy Roast Almond & Cardamon 300g,$18.95 ,$18.95 / 1EA,/shop/productdetails/1073837570/the-monday-food-co-keto-granola-crunchy-roast-almond-cardamon-300g
1073811796,The Pantry Vegan Food Gift Hamper,$129.95 ,,/shop/productdetails/1073811796/the-pantry-vegan-food-gift-hamper
1073961484,Truffle Hunter Truffle Condiment Discovery Range Gift Set,$49.95 ,$33.30 / 100G,/shop/productdetails/1073961484/truffle-hunter-truffle-condiment-discovery-range-gift-set
1073958715,Tweed Real Food Avo Smash Dukkah 180g,$35.95 ,$19.97 / 100G,/shop/productdetails/1073958715/tweed-real-food-avo-smash-dukkah-180g
1073958704,Tweed Real Food Bourbon Maple Splash Balsamic Vinegar 250ml,$20.95 ,$8.38 / 100ML,/shop/productdetails/1073958704/tweed-real-food-bourbon-maple-splash-balsamic-vinegar-250ml
1073976480,Uncle Lee Pork Floss 210g * 2 pack,$32.19 ,$7.66 / 100G,/shop/productdetails/1073976480/uncle-lee-pork-floss-210g-2-pack
1073962572,Uncle Lee Pork Puff 450g * 2 pack,$58.49 ,$6.50 / 100G,/shop/productdetails/1073962572/uncle-lee-pork-puff-450g-2-pack
1073935299,Undivided Food Co Good Bones To Go Certified Organic Chicken Bone Broth 8x250ml,$63.00 ,$3.15 / 100ML,/shop/productdetails/1073935299/undivided-food-co-good-bones-to-go-certified-organic-chicken-bone-broth-8x250ml
1074032882,Vonbee Citron & Ginger Honey Tea 2kg,$42.00 ,$2.10 / 100G,/shop/productdetails/1074032882/vonbee-citron-ginger-honey-tea-2kg
1074027787,YC Chicken Meat Floss Cake Pie Original Flavor 6pcs 208g X 3Pack,$25.99 ,$4.17 / 100G,/shop/productdetails/1074027787/yc-chicken-meat-floss-cake-pie-original-flavor-6pcs-208g-x-3pack
1074034706,12 Summer Milk Wine Porridge Sakura Peach Flavour 252g*6pcs/ctn,$41.99 ,$7.00 / 1EA,/shop/productdetails/1074034706/12-summer-milk-wine-porridge-sakura-peach-flavour-252g-6pcs-ctn
1074129128,2Die4 Live Foods Organic Activated Mixed Nuts With Fresh Whey 120g,$12.95 ,$107.92 / 1KG,/shop/productdetails/1074129128/2die4-live-foods-organic-activated-mixed-nuts-with-fresh-whey-120g
194712,Al Wadi Fava Beans In Brine 400g,$2.00 ,$0.50 / 100G,/shop/productdetails/194712/al-wadi-fava-beans-in-brine
1073927516,Arkadia Drinking Chocolate 1KG 24% Cocoa,$26.00 ,$2.60 / 100G,/shop/productdetails/1073927516/arkadia-drinking-chocolate-1kg-24-cocoa
1074114344,Artisanale Chocolate - Hamper - Ultimate Easter Hamper,$224.00 ,,/shop/productdetails/1074114344/artisanale-chocolate-hamper-ultimate-easter-hamper
1073945705,Artisanale Chocolate -Hamper - Nuts & Rocks,$96.00 ,,/shop/productdetails/1073945705/artisanale-chocolate-hamper-nuts-rocks
1073962786,B&D Flower Tea Pineapple White Tea 2.8g*10 cups,$24.59 ,$2.46 / 1EA,/shop/productdetails/1073962786/b-d-flower-tea-pineapple-white-tea-2-8g-10-cups
1073962788,B&D Flower Tea cup tea Osmanthus sorbet tea 2.8g*10 cups,$24.49 ,$2.45 / 1EA,/shop/productdetails/1073962788/b-d-flower-tea-cup-tea-osmanthus-sorbet-tea-2-8g-10-cups
663674,B2 Ham Luncheon Meat Premium 340g,$4.30 ,$1.26 / 100G,/shop/productdetails/663674/b2-ham-luncheon-meat-premium
1073833892,Beforeyouspeak Coffee Collagen Coffee Original 30 serve,$69.95 ,$2.33 / 1EA,/shop/productdetails/1073833892/beforeyouspeak-coffee-collagen-coffee-original-30-serve
1073833889,Beforeyouspeak Coffee Performance Coffee Caramel 30 serve,$69.95 ,$2.33 / 1EA,/shop/productdetails/1073833889/beforeyouspeak-coffee-performance-coffee-caramel-30-serve
1073944516,Bennetto Organic Dark Chocolate Raspberries In Dark 100g 2pack,$13.98 ,$6.99 / 100G,/shop/productdetails/1073944516/bennetto-organic-dark-chocolate-raspberries-in-dark-100g-2pack
1074032829,Bnei Darom Cucumbers In Brine 7-9 560g x 3,$32.99 ,$11.00 / 1EA,/shop/productdetails/1074032829/bnei-darom-cucumbers-in-brine-7-9-560g-x-3
1074032744,Bnei Darom Green Pitted Olives 560g x 3,$32.99 ,$11.00 / 1EA,/shop/productdetails/1074032744/bnei-darom-green-pitted-olives-560g-x-3
1074001201,Bodhi Organic Tea - Masala Chai Spiced Tea 80 gm Loose Leaf x 2 packs,$27.90 ,$34.88 / 100G,/shop/productdetails/1074001201/bodhi-organic-tea-masala-chai-spiced-tea-80-gm-loose-leaf-x-2-packs
1074001226,Bodhi Organic Tea - Tranquilitea Sleep 70 gm Loose Leaf x 2 packs,$26.20 ,$37.43 / 100G,/shop/productdetails/1074001226/bodhi-organic-tea-tranquilitea-sleep-70-gm-loose-leaf-x-2-packs
1073903605,Broth & Co Naked Bone Broth Powder Grass Fed 100g,$19.96 ,$19.96 / 100G,/shop/productdetails/1073903605/broth-co-naked-bone-broth-powder-grass-fed-100g
1074032830,Buderim Naked Ginger Uncrystallised 1kg,$42.75 ,$42.75 / 1KG,/shop/productdetails/1074032830/buderim-naked-ginger-uncrystallised-1kg
1074005530,Byron Bay Gifts Xmas Surprise Hamper,$179.00 ,,/shop/productdetails/1074005530/byron-bay-gifts-xmas-surprise-hamper
1074051081,Cadbury 180g Chocolate Caramello Koala Sharepack 3x12pc,$26.00 ,$8.67 / 1EA,/shop/productdetails/1074051081/cadbury-180g-chocolate-caramello-koala-sharepack-3x12pc
1074051129,Cadbury Caramels w/ Chocolate Treat/Confectionery 160g 6PK,$29.95 ,$4.99 / 1EA,/shop/productdetails/1074051129/cadbury-caramels-w-chocolate-treat-confectionery-160g-6pk
1073961052,Cadbury Cherry Ripe Superbag Showbag,$23.00 ,,/shop/productdetails/1073961052/cadbury-cherry-ripe-superbag-showbag
1073908219,Cadbury Chocolate Caramel Chomp 30g 63pc,$53.00 ,$0.84 / 1EA,/shop/productdetails/1073908219/cadbury-chocolate-caramel-chomp-30g-63pc
1074025814,Cadbury Crunchie Honeycomb Chocolate Showbag,$18.00 ,$18.00 / 1EA,/shop/productdetails/1074025814/cadbury-crunchie-honeycomb-chocolate-showbag
1073927518,Cadbury Crunchie Twin Pack Chocolate Bar 80g 24pc,$54.00 ,$67.50 / 100G,/shop/productdetails/1073927518/cadbury-crunchie-twin-pack-chocolate-bar-80g-24pc
1073908293,Cadbury Curly Wurly 21.5g 48pc,$42.00 ,$0.88 / 1EA,/shop/productdetails/1073908293/cadbury-curly-wurly-21-5g-48pc
1074025816,Cadbury Curly Wurly Caramel Chocolate Superbag Showbag,$23.00 ,$23.00 / 1EA,/shop/productdetails/1074025816/cadbury-curly-wurly-caramel-chocolate-superbag-showbag
1074050979,Cadbury Curly Wurly Squirlies Chocolate 110g 3PK,$23.00 ,$7.67 / 1EA,/shop/productdetails/1074050979/cadbury-curly-wurly-squirlies-chocolate-110g-3pk
1074050984,Chocolate Toast Crunch Breakfast Cereal 351g 2PK,$27.00 ,$13.50 / 1EA,/shop/productdetails/1074050984/chocolate-toast-crunch-breakfast-cereal-351g-2pk
1074082991,Chocolate Works - Chocolate Couture Bars - Cookies and Cream - 6 Pack - 200 grams,$72.00 ,$12.00 / 1EA,/shop/productdetails/1074082991/chocolate-works-chocolate-couture-bars-cookies-and-cream-6-pack-200-grams
1073944647,Christmas Favourites Gift Hamper,$68.00 ,,/shop/productdetails/1073944647/christmas-favourites-gift-hamper
1074024189,Coffee Hero Kenya Gachuiro whole beans 1kg,$67.99 ,$6.80 / 100G,/shop/productdetails/1074024189/coffee-hero-kenya-gachuiro-whole-beans-1kg
1074024170,Coffee Hero Smooth Operator whole beans 500g,$29.99 ,$6.00 / 100G,/shop/productdetails/1074024170/coffee-hero-smooth-operator-whole-beans-500g
1074119490,Crown Swing Orion Chip Stir Red Pepper Paste 124g X 4Pack,$29.99 ,$6.00 / 1EA,/shop/productdetails/1074119490/crown-swing-orion-chip-stir-red-pepper-paste-124g-x-4pack
184203,Delicious Double Chocolate Mousse Cake Mix 497g,$6.50 ,$1.31 / 100G,/shop/productdetails/184203/delicious-double-chocolate-mousse-cake-mix
210428,Dollar Sweets Happy Birthday Acrylic Plaque Small Each,$4.00 ,$4.00 / 1EA,/shop/productdetails/210428/dollar-sweets-happy-birthday-acrylic-plaque-small
59018,Drava Chicken Halal 95g,$2.45 ,$2.58 / 100G,/shop/productdetails/59018/drava-chicken-halal
1074051125,Dubble Bubble Painterz Mouth Colouring Bubble Gum Jar 1.32kg 240pc,$45.00 ,$45.00 / 1EA,/shop/productdetails/1074051125/dubble-bubble-painterz-mouth-colouring-bubble-gum-jar-1-32kg-240pc
1073962578,Every Bit Organic Raw Safflower Oil Cold Pressed - Unrefined 250ml,$10.00 ,$4.00 / 100ML,/shop/productdetails/1073962578/every-bit-organic-raw-safflower-oil-cold-pressed-unrefined-250ml
827653,Famous House Papaya Milk 500ml,$2.60 ,$5.20 / 1L,/shop/productdetails/827653/famous-house-papaya-milk
1073890243,Food to Nourish Fudgy Chocolate Muffin Mix 360g,$12.50 ,$41.67 / 100ML,/shop/productdetails/1073890243/food-to-nourish-fudgy-chocolate-muffin-mix-360g
1073911135,Fraus Matcha Latte Green Tea 200g x 6 Packs,$50.00 ,$3.33 / 100G,/shop/productdetails/1073911135/fraus-matcha-latte-green-tea-200g-x-6-packs
1074001355,GODIVA Luxury Chocolate Gift Hamper,$219.00 ,,/shop/productdetails/1074001355/godiva-luxury-chocolate-gift-hamper
1074001357,GODIVA Mother's Day Legendary Milk Chocolate Gift Hamper,$119.00 ,,/shop/productdetails/1074001357/godiva-mother-s-day-legendary-milk-chocolate-gift-hamper
1074001354,GODIVA Premium Indulgence Chocolate Gift Hamper,$149.00 ,,/shop/productdetails/1074001354/godiva-premium-indulgence-chocolate-gift-hamper
1074001356,GODIVA Premium Legendary Dark Chocolate Gift Hamper,$119.00 ,,/shop/productdetails/1074001356/godiva-premium-legendary-dark-chocolate-gift-hamper
1073996115,Gelatin Health Gelatin - Food Grade 500g,$27.71 ,$110.84 / 100ML,/shop/productdetails/1073996115/gelatin-health-gelatin-food-grade-500g
827008,Glory Hainanese Kaya With Honey 400g,$3.30 ,$0.83 / 100G,/shop/productdetails/827008/glory-hainanese-kaya-with-honey
1073799306,Gluten Free Gourmet Food Chocolate & Cracker Gift Hamper,$149.95 ,,/shop/productdetails/1073799306/gluten-free-gourmet-food-chocolate-cracker-gift-hamper
1073925762,Gourmet Assortment Food GIft Hamper,$149.95 ,,/shop/productdetails/1073925762/gourmet-assortment-food-gift-hamper
1073811795,Gourmet Selection Chocolate Nuts & Cracker Snack Gift Hamper,$119.95 ,,/shop/productdetails/1073811795/gourmet-selection-chocolate-nuts-cracker-snack-gift-hamper
1073799305,Gourmet Snack Chocolate Nuts & Cracker Gift Box Hamper,$114.95 ,,/shop/productdetails/1073799305/gourmet-snack-chocolate-nuts-cracker-gift-box-hamper
1074252199,Gravox Gravy Chicken 7.5 Kg,$156.42 ,,/shop/productdetails/1074252199/gravox-gravy-chicken-7-5-kg
1073927454,Grill Society Kickin Chicken Hot Sauce 280g,$17.00 ,$6.07 / 100G,/shop/productdetails/1073927454/grill-society-kickin-chicken-hot-sauce-280g
1074119492,Hakubaku Organic Somen 270g X 4Pack,$22.99 ,$4.60 / 1EA,/shop/productdetails/1074119492/hakubaku-organic-somen-270g-x-4pack
167594,Hbaf Honey Butter Almonds 130g,$9.00 ,$6.92 / 100G,/shop/productdetails/167594/hbaf-honey-butter-almonds
669013,Hime Dried Green Tea Noodle 640g,$6.25 ,$0.98 / 100G,/shop/productdetails/669013/hime-dried-green-tea-noodle
1073995283,Hottea Mama Over The Moon 15pack,$15.75 ,,/shop/productdetails/1073995283/hottea-mama-over-the-moon-15pack
1074027146,Huang Fei Hong Pepper Peanuts 110g&nbsp;X 4Pack,$19.99 ,$45.43 / 1KG,/shop/productdetails/1074027146/huang-fei-hong-pepper-peanuts-110g-nbsp-x-4pack
1073908328,Illy Classico Coffee Beans 250g 6PK,$83.00 ,$13.83 / 1EA,/shop/productdetails/1073908328/illy-classico-coffee-beans-250g-6pk
1073908305,Illy Colombia iperEspresso Coffee Capsules 140g 21pc,$33.00 ,$1.57 / 1EA,/shop/productdetails/1073908305/illy-colombia-iperespresso-coffee-capsules-140g-21pc
1073908326,Illy Intenso Coffee Beans 250g 3PK,$49.00 ,$16.33 / 1EA,/shop/productdetails/1073908326/illy-intenso-coffee-beans-250g-3pk
1073908202,Illy Intenso Espresso Ground Coffee 250g 3PK,$52.00 ,$17.33 / 1EA,/shop/productdetails/1073908202/illy-intenso-espresso-ground-coffee-250g-3pk
1074025790,Jelly Belly Sours Jelly Beans Candy Confectionery 12pc 100g,$64.00 ,$5.33 / 1EA,/shop/productdetails/1074025790/jelly-belly-sours-jelly-beans-candy-confectionery-12pc-100g
1074001251,Jomeis Fine Foods Matcha Latte Duo Pack - 200g,$34.95 ,$14.56 / 100G,/shop/productdetails/1074001251/jomeis-fine-foods-matcha-latte-duo-pack-200g
1073972392,Jomeis Fine Foods The Breakfast Bundle - 480 g,$39.00 ,$39.00 / 1EA,/shop/productdetails/1073972392/jomeis-fine-foods-the-breakfast-bundle-480-g
1074051609,Jose Gourmet Fish Selection Mega Pack of Gift Boxes (5 Gift Box Set),$249.00 ,,/shop/productdetails/1074051609/jose-gourmet-fish-selection-mega-pack-of-gift-boxes-5-gift-box-set-
1074048734,Jose Gourmet Sardine Gift Box 4Pack,$59.00 ,,/shop/productdetails/1074048734/jose-gourmet-sardine-gift-box-4pack
1074051089,Jujyfruits Movie Box Candy/Lollies 142g 2PK,$17.00 ,$8.50 / 1EA,/shop/productdetails/1074051089/jujyfruits-movie-box-candy-lollies-142g-2pk
754023,Katoomba Ingredients Black Eye Beans 1kg,,,/shop/productdetails/754023/katoomba-ingredients-black-eye-beans
1074252200,Kialla Pure Foods Flour Buckwheat Organic 5Kg,$88.21 ,,/shop/productdetails/1074252200/kialla-pure-foods-flour-buckwheat-organic-5kg
1074252151,Knorr Korma Sauce 2.2L,$73.99 ,,/shop/productdetails/1074252151/knorr-korma-sauce-2-2l
310641,Lavazza Qualita Oro Gran Riserva Coffee Beans 1kg,$26.40 ,$2.64 / 100G,/shop/productdetails/310641/lavazza-qualita-oro-gran-riserva-coffee-beans
1074045899,Lay's Potato Chips Mexican Chicken Tomato Flavor 70g X 4Pack,$18.99 ,$3.17 / 1EA,/shop/productdetails/1074045899/lay-s-potato-chips-mexican-chicken-tomato-flavor-70g-x-4pack
1073962967,Lee Kum Kee Marinade 410ml x 2Pack,$23.32 ,$5.69 / 100ML,/shop/productdetails/1073962967/lee-kum-kee-marinade-410ml-x-2pack
1074032842,Liebers Spaghetti Sauce 411g x 4,$32.99 ,$8.25 / 1EA,/shop/productdetails/1074032842/liebers-spaghetti-sauce-411g-x-4
1073890457,Low Carb Life Lemonlicious Slice Keto Bake Mix 300g,$15.45 ,$15.45 / 1EA,/shop/productdetails/1073890457/low-carb-life-lemonlicious-slice-keto-bake-mix-300g
1074027181,Luncheon Korean Style Canned Luncheon Meat 340g X 4Pack,$19.09 ,$14.04 / 1KG,/shop/productdetails/1074027181/luncheon-korean-style-canned-luncheon-meat-340g-x-4pack
1073777075,Manuka Health Mgo 573+ Umf 16 Manuka Honey 500g,$205.30 ,$41.06 / 100G,/shop/productdetails/1073777075/manuka-health-mgo-573-umf-16-manuka-honey-500g
1074114371,Marie Ange di Costa Italian Music Box Tin with Butter BiscuitsThe Pail in Peach 140g,$15.00 ,$10.00 / 100G,/shop/productdetails/1074114371/marie-ange-di-costa-italian-music-box-tin-with-butter-biscuits-the-pail-in-peach-140g
1073962795,Master Kong fresh shrimp fish plate noodles 98g*5bag  4pack,$30.59 ,$1.56 / 100G,/shop/productdetails/1073962795/master-kong-fresh-shrimp-fish-plate-noodles-98g-5bag-4pack
1074052801,Ministry of Chocolate Ultimate Chocolate Hamper,$150.00 ,,/shop/productdetails/1074052801/ministry-of-chocolate-ultimate-chocolate-hamper
1074002186,MirMir Organics Certified Organic Triphala Tea Pyramid Tea Bags 40gm x 2 packs,$23.50 ,$58.75 / 100G,/shop/productdetails/1074002186/mirmir-organics-certified-organic-triphala-tea-pyramid-tea-bags-40gm-x-2-packs
1074032868,Mother Earth Baked Oaty Slices 36 Bars 1.44kg,$39.75 ,$2.76 / 100G,/shop/productdetails/1074032868/mother-earth-baked-oaty-slices-36-bars-1-44kg
152273,Muraca Gli Antipasti Eggplant Strips 280g,$8.20 ,$2.93 / 100G,/shop/productdetails/152273/muraca-gli-antipasti-eggplant-strips
1074032854,Nature's Path Love Crunch Premium Organic Granola Dark Chocolate & Red Berries 325g x 2,$37.49 ,$18.75 / 1EA,/shop/productdetails/1074032854/nature-s-path-love-crunch-premium-organic-granola-dark-chocolate-red-berries-325g-x-2
1074294371,Nippy's 375ml Iced Strawberry Flavoured Milk Pk24,$65.47 ,$7.27 / 1L,/shop/productdetails/1074294371/nippy-s-375ml-iced-strawberry-flavoured-milk-pk24
1074031759,Nongshim Spicy Kimchi Ramen 120g*5bag/pack&nbsp; X 4Pack,$34.99 ,$8.75 / 1EA,/shop/productdetails/1074031759/nongshim-spicy-kimchi-ramen-120g-5bag-pack-nbsp-x-4pack
1074051015,Nostalgic Art Mint Box Cats&Kittens Fresh Breath Hard Candy 6cm 2PK,$23.00 ,$11.50 / 1EA,/shop/productdetails/1074051015/nostalgic-art-mint-box-cats-kittens-fresh-breath-hard-candy-6cm-2pk
1074090010,S&B Golden Curry Medium Hot 220g X 4Pack,$27.49 ,$5.50 / 1EA,/shop/productdetails/1074090010/s-b-golden-curry-medium-hot-220g-x-4pack
1074212689,SNAXX Keto Caramel Slice - Bundle x 3,$24.95 ,$8.32 / 1EA,/shop/productdetails/1074212689/snaxx-keto-caramel-slice-bundle-x-3
1074212687,SNAXX Keto Southern Crumb Mix 2 Pack - Bundle x 3,$22.95 ,$7.65 / 1EA,/shop/productdetails/1074212687/snaxx-keto-southern-crumb-mix-2-pack-bundle-x-3
793551,Snack Mc Pani Puris 10 Pack,$7.80 ,$3.25 / 100G,/shop/productdetails/793551/snack-mc-pani-puris
1074052564,Stitch Coffee Higgs Field Blend Coffee Drip Bags 10pk - Premium Specialty Coffee,$21.00 ,$2.10 / 1EA,/shop/productdetails/1074052564/stitch-coffee-higgs-field-blend-coffee-drip-bags-10pk-premium-specialty-coffee
233378,Sugar Honey Wife Cake 240g,$7.00 ,$2.92 / 100G,/shop/productdetails/233378/sugar-honey-wife-cake
1073983139,Surasang Traditional Roll Cookie Biscuit Seaweed Flavour 365g X 4Pack,$38.99 ,$2.67 / 100G,/shop/productdetails/1073983139/surasang-traditional-roll-cookie-biscuit-seaweed-flavour-365g-x-4pack
1074314838,Tabasco Chipotle Pepper Sauce 1.89L (Box of 2),$150.00 ,$3.79 / 100ML,/shop/productdetails/1074314838/tabasco-chipotle-pepper-sauce-1-89l-box-of-2-
1074105420,Tao Kae Noi Japanese Crispy Seaweed Spicy Flavour 32g X 4Pack,$19.80 ,$3.96 / 1EA,/shop/productdetails/1074105420/tao-kae-noi-japanese-crispy-seaweed-spicy-flavour-32g-x-4pack
1074023440,Tastebuds Cadbury Favourites Milk Chocolate Bars Gift Box,$49.00 ,,/shop/productdetails/1074023440/tastebuds-cadbury-favourites-milk-chocolate-bars-gift-box
1074322909,The Healthy Llama Organic Chocolate with Coffee Lucuma and Chilli 5 Pack 210g,$30.00 ,$14.29 / 100G,/shop/productdetails/1074322909/the-healthy-llama-organic-chocolate-with-coffee-lucuma-and-chilli-5-pack-210g
1073979579,The Organic Tea Project Sticky Chai 3 Pack,$44.70 ,$14.90 / 1EA,/shop/productdetails/1073979579/the-organic-tea-project-sticky-chai-3-pack
1074159347,Three Little Pigs Championship BBQ Rub 12.5oz (354g) Shaker Jar - Made in USA - OW85171,$35.44 ,,/shop/productdetails/1074159347/three-little-pigs-championship-bbq-rub-12-5oz-354g-shaker-jar-made-in-usa-ow85171
1074031758,Toyama Koshihikari Japanese Rice 1kg&nbsp; X 2Pack,$26.99 ,$13.50 / 1EA,/shop/productdetails/1074031758/toyama-koshihikari-japanese-rice-1kg-nbsp-x-2pack
1073958722,Tweed Real Food Louisiana BBQ Rub 150g,$30.95 ,$20.63 / 100G,/shop/productdetails/1073958722/tweed-real-food-louisiana-bbq-rub-150g
1073983131,Un Chi Crispy Fish Skin Chips Original Flavour 100g X 4Pack,$28.99 ,$7.25 / 100G,/shop/productdetails/1073983131/un-chi-crispy-fish-skin-chips-original-flavour-100g-x-4pack
1073842914,Undivided Food Co Good Oil Balsamic Dressing 250ml,$13.50 ,$5.40 / 100ML,/shop/productdetails/1073842914/undivided-food-co-good-oil-balsamic-dressing-250ml
1073961466,Valley Produce Company Xmas Pudd Traditional Log 500g,$34.95 ,"$3,495.00 / 100G",/shop/productdetails/1073961466/valley-produce-company-xmas-pudd-traditional-log-500g
1073911133,Whisk & Pin Rockey Road Bites 150g X 3 Packs,$35.00 ,$7.78 / 100G,/shop/productdetails/1073911133/whisk-pin-rockey-road-bites-150g-x-3-packs
300452,Woolworths Coffee Beans Espresso 1kg,,,/shop/productdetails/300452/woolworths-coffee-beans-espresso
1074025893,Worth Macadamia White Belgian Chocolate/Caramel & Pink Salt Bar 12pc 40g,$43.00 ,,/shop/productdetails/1074025893/worth-macadamia-white-belgian-chocolate-caramel-pink-salt-bar-12pc-40g
1074000739,WuMingXiaoZu Crispy Crust Black Rice Chips Spicy Flavor 210g X 3Pack,$18.09 ,$6.03 / 1EA,/shop/productdetails/1074000739/wumingxiaozu-crispy-crust-black-rice-chips-spicy-flavor-210g-x-3pack
1074000742,WuMingXiaoZu Crispy Rice Crust Chips Spicy Flavor 210g X 3Pack,$19.49 ,$6.50 / 1EA,/shop/productdetails/1074000742/wumingxiaozu-crispy-rice-crust-chips-spicy-flavor-210g-x-3pack
1073994238,Yarra Valley Gourmet Foods - Gourmet BBQ Slection containing 6 assorted products,$63.99 ,,/shop/productdetails/1073994238/yarra-valley-gourmet-foods-gourmet-bbq-slection-containing-6-assorted-products
1073994246,Yarra Valley Gourmet Foods - Gourmet Picnic Essentials containing 6 assorted product,$56.99 ,,/shop/productdetails/1073994246/yarra-valley-gourmet-foods-gourmet-picnic-essentials-containing-6-assorted-product
1073962821,Yun Pufa Nourishing Bag Infusion Tea Lotus Leaf Cassia Pu-er Tea 15pcs*3g,$20.79 ,$46.20 / 100G,/shop/productdetails/1073962821/yun-pufa-nourishing-bag-infusion-tea-lotus-leaf-cassia-pu-er-tea-15pcs-3g
1073962824,Yunpufa Health Bag Infusion Tea Mulberry Chrysanthemum Shuangji Pu-er Tea 15pcs*3.6g,$20.79 ,$38.50 / 100G,/shop/productdetails/1073962824/yunpufa-health-bag-infusion-tea-mulberry-chrysanthemum-shuangji-pu-er-tea-15pcs-3-6g
1074121772,2Die4 Live Foods Australian Organic Activated Almonds 120g,$13.95 ,$116.25 / 1KG,/shop/productdetails/1074121772/2die4-live-foods-australian-organic-activated-almonds-120g
1074134296,2Die4 Live Foods Organic Activated Mixed Nuts Vegan 120g,$12.95 ,$107.92 / 1KG,/shop/productdetails/1074134296/2die4-live-foods-organic-activated-mixed-nuts-vegan-120g
1074134298,2Die4 Live Foods Organic Activated Paleo Muesli 300g,$16.95 ,$56.50 / 1KG,/shop/productdetails/1074134298/2die4-live-foods-organic-activated-paleo-muesli-300g
1074032851,Absolute Organic Cacao Powder 1 kg x 2,$51.80 ,$25.90 / 1EA,/shop/productdetails/1074032851/absolute-organic-cacao-powder-1-kg-x-2
1074034720,Ahoy Nuts Dried Apricot 200g X 2Pack,$19.99 ,$10.00 / 1EA,/shop/productdetails/1074034720/ahoy-nuts-dried-apricot-200g-x-2pack
1074034722,Ahoy Nuts Roasted Almond Without Salt 200g X 2Pack,$20.99 ,$10.50 / 1EA,/shop/productdetails/1074034722/ahoy-nuts-roasted-almond-without-salt-200g-x-2pack
1074034725,Ahoy Nuts Roasted Hazelnuts 200g X 2Pack,$21.99 ,$11.00 / 1EA,/shop/productdetails/1074034725/ahoy-nuts-roasted-hazelnuts-200g-x-2pack
193679,Al Wadi Traditional Halawa Plain 454g,$6.80 ,$1.50 / 100G,/shop/productdetails/193679/al-wadi-traditional-halawa-plain
1074025811,Allen's Freckles Chocolate Buttons Bag 1kg,$26.00 ,$2.60 / 100G,/shop/productdetails/1074025811/allen-s-freckles-chocolate-buttons-bag-1kg
81266,Amigo Cocktail Multivita 8 Pack,$8.00 ,$0.50 / 100ML,/shop/productdetails/81266/amigo-cocktail-multivita
155837,Amul Kool Mango Shakers 200ml X 6 Pack,,,/shop/productdetails/155837/amul-kool-mango-shakers
1074032804,Annies 100% Fruit Bars 24 Pack 480g,$42.75 ,$85.50 / 1KG,/shop/productdetails/1074032804/annies-100-fruit-bars-24-pack-480g
1073927509,Arkadia Chocolate Frappe Powder 1KG,$33.00 ,$3.30 / 100G,/shop/productdetails/1073927509/arkadia-chocolate-frappe-powder-1kg
1073927515,Arkadia Drinking Chocolate 1KG 40% Cocoa,$27.00 ,$2.70 / 100G,/shop/productdetails/1073927515/arkadia-drinking-chocolate-1kg-40-cocoa
1073927522,Arkadia White Chocolate Powder 1KG,$33.00 ,$3.30 / 100G,/shop/productdetails/1073927522/arkadia-white-chocolate-powder-1kg
1074114338,Artisanale Chocolate - Easter Egg - Half - Honeycomb - Dark Chocolate 67% - x2,$80.00 ,$10.53 / 100G,/shop/productdetails/1074114338/artisanale-chocolate-easter-egg-half-honeycomb-dark-chocolate-67-x2
1074114337,Artisanale Chocolate - Easter Egg - Half - Rocky Road - Dark Chocolate - x2,$80.00 ,$13.33 / 100G,/shop/productdetails/1074114337/artisanale-chocolate-easter-egg-half-rocky-road-dark-chocolate-x2
1074114339,Artisanale Chocolate - Easter Egg - Half - Turkish Delight - Dark Chocolate 67% - x2,$75.00 ,$12.50 / 100G,/shop/productdetails/1074114339/artisanale-chocolate-easter-egg-half-turkish-delight-dark-chocolate-67-x2
1074114343,Artisanale Chocolate - Easter Egg - THE coffee cup - Milk Chocolate 41% - x2,$110.00 ,$27.50 / 100G,/shop/productdetails/1074114343/artisanale-chocolate-easter-egg-the-coffee-cup-milk-chocolate-41-x2
1073945713,Artisanale Chocolate - Hamper - Key to My Heart - Classic,$49.00 ,,/shop/productdetails/1073945713/artisanale-chocolate-hamper-key-to-my-heart-classic
1073945702,Artisanale Chocolate -Hamper - Casual Treats,$57.00 ,,/shop/productdetails/1073945702/artisanale-chocolate-hamper-casual-treats
1073945710,Artisanale Chocolate -Hamper - Renovation Thanker,$49.00 ,,/shop/productdetails/1073945710/artisanale-chocolate-hamper-renovation-thanker
1073945703,Artisanale Chocolate -Hamper - Sophisticates (All Dark),$79.00 ,,/shop/productdetails/1073945703/artisanale-chocolate-hamper-sophisticates-all-dark-
1073945709,Artisanale Chocolate -Hamper - Ultimate Toolbox,$69.00 ,,/shop/productdetails/1073945709/artisanale-chocolate-hamper-ultimate-toolbox
1074090015,Asahi Mintia Grape Flavour Sugarless Candy 7g X 4Pack,$19.99 ,$3.33 / 1EA,/shop/productdetails/1074090015/asahi-mintia-grape-flavour-sugarless-candy-7g-x-4pack
1074090016,Asahi Mintia Wild & Cool Sugarless Candy 7g X 4Pack,$18.49 ,$3.08 / 1EA,/shop/productdetails/1074090016/asahi-mintia-wild-cool-sugarless-candy-7g-x-4pack
1074025884,Australian Bush Spices Blue Seafood Blend/Rub 60g 2PK,$29.95 ,$14.98 / 1EA,/shop/productdetails/1074025884/australian-bush-spices-blue-seafood-blend-rub-60g-2pk
1074025815,Australian Bush Spices Olive Oil infused w/ Lemon Myrtle Bottle 250ml,$23.00 ,$9.20 / 100ML,/shop/productdetails/1074025815/australian-bush-spices-olive-oil-infused-w-lemon-myrtle-bottle-250ml
1074025907,Australian Bush Spices Pink Salt Flakes 60g 2PK,$29.95 ,$14.98 / 1EA,/shop/productdetails/1074025907/australian-bush-spices-pink-salt-flakes-60g-2pk
1074025809,Australian Bush Spices Sticky Wattleseed Balsamic Vinegar Bottle 250ml 2PK,$32.00 ,$16.00 / 1EA,/shop/productdetails/1074025809/australian-bush-spices-sticky-wattleseed-balsamic-vinegar-bottle-250ml-2pk
1073962787,B&D Flower Tea cup tea Peach Oolong tea 2.8g*10 cups,$24.49 ,$2.45 / 1EA,/shop/productdetails/1073962787/b-d-flower-tea-cup-tea-peach-oolong-tea-2-8g-10-cups
1073962789,B&D Flower Tea cup tea White jasmine prickly pear tea 2.8g*10 cups,$24.49 ,$2.45 / 1EA,/shop/productdetails/1073962789/b-d-flower-tea-cup-tea-white-jasmine-prickly-pear-tea-2-8g-10-cups
1073911129,BOB Vegan Cocoa Drinking Chocolate 250g x 3 Packs,$30.00 ,$4.00 / 100G,/shop/productdetails/1073911129/bob-vegan-cocoa-drinking-chocolate-250g-x-3-packs
265967,Bakers South African Lemon Cream Biscuits 200g,$3.50 ,$1.75 / 100G,/shop/productdetails/265967/bakers-south-african-lemon-cream-biscuits
1073833894,Beforeyouspeak Coffee Adrenal Decaf Coffee Mocha 30 serve,$69.95 ,$2.33 / 1EA,/shop/productdetails/1073833894/beforeyouspeak-coffee-adrenal-decaf-coffee-mocha-30-serve
1073833891,Beforeyouspeak Coffee Performance Coffee Assorted 30 serve,$69.95 ,$2.33 / 1EA,/shop/productdetails/1073833891/beforeyouspeak-coffee-performance-coffee-assorted-30-serve
1073833890,Beforeyouspeak Coffee Performance Coffee Unsweetened 30 serve,$69.95 ,$2.33 / 1EA,/shop/productdetails/1073833890/beforeyouspeak-coffee-performance-coffee-unsweetened-30-serve
104034,Benino Green Stuffed Olives With Pepper Paste 500g,$6.50 ,$1.30 / 100G,/shop/productdetails/104034/benino-green-stuffed-olives-with-pepper-paste
193786,Benino Hot Chillies 450g,$5.00 ,$1.04 / 100G,/shop/productdetails/193786/benino-hot-chillies
193815,Benino Mild Chillies 480g,$5.00 ,$1.04 / 100G,/shop/productdetails/193815/benino-mild-chillies
193715,Benino Roasted Pepper Bruschetta Mild 490g,$9.00 ,$1.84 / 100G,/shop/productdetails/193715/benino-roasted-pepper-bruschetta-mild
1073944520,Bennetto Organic Dark Chocolate Coffee in Madagascar 100g 2pack,$13.98 ,$6.99 / 100G,/shop/productdetails/1073944520/bennetto-organic-dark-chocolate-coffee-in-madagascar-100g-2pack
1073944513,Bennetto Organic Dark Chocolate Intense Dark 100g 2pack,$13.98 ,$6.99 / 100G,/shop/productdetails/1073944513/bennetto-organic-dark-chocolate-intense-dark-100g-2pack
1073944514,Bennetto Organic Dark Chocolate Mint And Cocoa Nibs 100g 2pack,$13.98 ,$6.99 / 100G,/shop/productdetails/1073944514/bennetto-organic-dark-chocolate-mint-and-cocoa-nibs-100g-2pack
1073933839,Bisolvon Duo Syrup,$15.49 ,$15.49 / 100ML,/shop/productdetails/1073933839/bisolvon-duo-syrup
1074032743,Bnei Darom Cucumbers Pickles in Vinegar 7-9 560g x 3,$29.99 ,$10.00 / 1EA,/shop/productdetails/1074032743/bnei-darom-cucumbers-pickles-in-vinegar-7-9-560g-x-3
1074032825,Bnei Darom Roasted Red Pepper 540g x 2,$29.99 ,$15.00 / 1EA,/shop/productdetails/1074032825/bnei-darom-roasted-red-pepper-540g-x-2
1074001146,Bodhi Organic Tea - Black Beautea French Earl grey 40 gm Loose Leaf x 2 packs,$26.20 ,$65.50 / 100G,/shop/productdetails/1074001146/bodhi-organic-tea-black-beautea-french-earl-grey-40-gm-loose-leaf-x-2-packs
1074001147,Bodhi Organic Tea - Cognitivitea Memory 70 gm Loose Leaf x 2 packs,$26.20 ,$37.43 / 100G,/shop/productdetails/1074001147/bodhi-organic-tea-cognitivitea-memory-70-gm-loose-leaf-x-2-packs
1074001166,Bodhi Organic Tea - Honestea English Breakfast 60 gm Loose Leaf x 2 packs,$26.20 ,$43.67 / 100G,/shop/productdetails/1074001166/bodhi-organic-tea-honestea-english-breakfast-60-gm-loose-leaf-x-2-packs
1074001212,Bodhi Organic Tea - Immunitea Defence 40 gm Loose Leaf x 2 packs,$26.20 ,$65.50 / 100G,/shop/productdetails/1074001212/bodhi-organic-tea-immunitea-defence-40-gm-loose-leaf-x-2-packs
1074001183,Bodhi Organic Tea - Mother's Milk Breastfeeding Loose Leaf Tea 70 gm x 2 packs,$26.20 ,$37.43 / 100G,/shop/productdetails/1074001183/bodhi-organic-tea-mother-s-milk-breastfeeding-loose-leaf-tea-70-gm-x-2-packs
1074001197,Bodhi Organic Tea - Zestea Invigorating 70 gm Loose Leaf x 2 packs,$26.20 ,,/shop/productdetails/1074001197/bodhi-organic-tea-zestea-invigorating-70-gm-loose-leaf-x-2-packs
1073991537,Bragg Liquid Aminos All Purpose Seasoning 946ml,$24.95 ,$2.64 / 100ML,/shop/productdetails/1073991537/bragg-liquid-aminos-all-purpose-seasoning-946ml
1073777080,Bragg Seasoning Organic Sprinkle 42g,$15.95 ,$3.75 / 10G,/shop/productdetails/1073777080/bragg-seasoning-organic-sprinkle-42g
1073943894,Broth & Co Tum Yum Thai Bone Broth Concentrate Grass Fed Beef 275g,$23.96 ,,/shop/productdetails/1073943894/broth-co-tum-yum-thai-bone-broth-concentrate-grass-fed-beef-275g
1074252157,Bundaberg Golden Syrup 1L,$32.92 ,,/shop/productdetails/1074252157/bundaberg-golden-syrup-1l
151687,Buono Golden Peppers In Brine 440g,,,/shop/productdetails/151687/buono-golden-peppers-in-brine
1073953155,Byron Bay Macadamia Muesli Almond Fig and Pear Honey Roasted Muesli 450g,$13.75 ,$3.06 / 100G,/shop/productdetails/1073953155/byron-bay-macadamia-muesli-almond-fig-and-pear-honey-roasted-muesli-450g
1073953159,Byron Bay Macadamia Muesli Classic Style 450g,$13.75 ,$3.06 / 100G,/shop/productdetails/1073953159/byron-bay-macadamia-muesli-classic-style-450g
1073953158,Byron Bay Macadamia Muesli Coconut Cranberry & Apple Granola 400g,$13.95 ,$3.49 / 100G,/shop/productdetails/1073953158/byron-bay-macadamia-muesli-coconut-cranberry-apple-granola-400g
1074051084,Cadbury 168g Dairy Milk Chocolate Flake Sharepack 3x12pc,$26.00 ,$8.67 / 1EA,/shop/productdetails/1074051084/cadbury-168g-dairy-milk-chocolate-flake-sharepack-3x12pc
1074051066,Cadbury 180g Chocolate Chery Ripe Sharepack 3x12pc,$26.00 ,$8.67 / 1EA,/shop/productdetails/1074051066/cadbury-180g-chocolate-chery-ripe-sharepack-3x12pc
1074051062,Cadbury 180g Crunchie Chocolate Sharepack 3x12pc,$28.00 ,$9.33 / 1EA,/shop/productdetails/1074051062/cadbury-180g-crunchie-chocolate-sharepack-3x12pc
1074050940,Cadbury Cherry Ripe Minis Chocolate Bites 135g 3PK,$21.00 ,$7.00 / 1EA,/shop/productdetails/1074050940/cadbury-cherry-ripe-minis-chocolate-bites-135g-3pk
1074050969,Cadbury Dairy Milk Chocolate Sharepack 144g 3x 12pc,$26.00 ,$8.67 / 1EA,/shop/productdetails/1074050969/cadbury-dairy-milk-chocolate-sharepack-144g-3x-12pc
1073961055,Cadbury Fredo And Friends Showbag,$23.00 ,,/shop/productdetails/1073961055/cadbury-fredo-and-friends-showbag
1073961062,Cadbury Indulgence Showbag,$35.00 ,,/shop/productdetails/1073961062/cadbury-indulgence-showbag
53927,Cadbury Lunch Bar 48g,,,/shop/productdetails/53927/cadbury-lunch-bar
1073961049,Cadbury Picnic Showbag,$17.00 ,,/shop/productdetails/1073961049/cadbury-picnic-showbag
65863,Calbee Potato Chips Hot & Spicy 55g,$3.50 ,$6.36 / 100G,/shop/productdetails/65863/calbee-potato-chips-hot-spicy
1074032860,Callebaut No 811 Finest Belgian Dark Chocolate Callets Couverture 54.5% 1Kg,$34.49 ,$3.45 / 100G,/shop/productdetails/1074032860/callebaut-no-811-finest-belgian-dark-chocolate-callets-couverture-54-5-1kg
1074032834,Camille Bloch Ragusa Dark Chocolate 100g x 3,$35.99 ,$12.00 / 1EA,/shop/productdetails/1074032834/camille-bloch-ragusa-dark-chocolate-100g-x-3
816022,Castania Nuts Super Mix 300g,$11.00 ,$3.67 / 100G,/shop/productdetails/816022/castania-nuts-super-mix
1074043715,Caterers Choice Almonds Flaked 1Kg,$32.31 ,$3.23 / 100G,/shop/productdetails/1074043715/caterers-choice-almonds-flaked-1kg
1074043737,Caterers Choice Breadcrumbs Fine 10Kg,$77.72 ,$0.78 / 100G,/shop/productdetails/1074043737/caterers-choice-breadcrumbs-fine-10kg
1074041887,Caterers Choice Cannellini Beans 1Kg,$22.30 ,$2.23 / 100G,/shop/productdetails/1074041887/caterers-choice-cannellini-beans-1kg
1074252210,Caterers Choice Peas Yellow Split 1Kg,$29.59 ,$2.96 / 100G,/shop/productdetails/1074252210/caterers-choice-peas-yellow-split-1kg
1074252209,Caterers Choice Snowhite Chocolate Buttons White 1Kg,$41.92 ,$4.19 / 100G,/shop/productdetails/1074252209/caterers-choice-snowhite-chocolate-buttons-white-1kg
1073969240,Chef's Choice Hazelnut Meal 320g,$11.35 ,$35.47 / 1KG,/shop/productdetails/1073969240/chef-s-choice-hazelnut-meal-320g
1073969239,Chef's Choice Organic 3 Mix Quinoa 1kg,$14.25 ,$1.43 / 100G,/shop/productdetails/1073969239/chef-s-choice-organic-3-mix-quinoa-1kg
1074083035,Chocolate Works - Chocolate Couture Bars - Citrus Crunch - 6 Pack - 200 grams,$72.00 ,$12.00 / 1EA,/shop/productdetails/1074083035/chocolate-works-chocolate-couture-bars-citrus-crunch-6-pack-200-grams
1074083037,Chocolate Works - Chocolate Couture Bars - Coffee Twist - 6 Pack - 200 grams,$72.00 ,$12.00 / 1EA,/shop/productdetails/1074083037/chocolate-works-chocolate-couture-bars-coffee-twist-6-pack-200-grams
1074083034,Chocolate Works - Chocolate Couture Bars - Cookies and Cream - 6 Pack - 200 grams,$72.00 ,$12.00 / 1EA,/shop/productdetails/1074083034/chocolate-works-chocolate-couture-bars-cookies-and-cream-6-pack-200-grams
1074083053,Chocolate Works - Chocolate Couture Bars - Mixed Pack - 6 Pack - 200 grams,$72.00 ,$12.00 / 1EA,/shop/productdetails/1074083053/chocolate-works-chocolate-couture-bars-mixed-pack-6-pack-200-grams
1074083036,Chocolate Works - Chocolate Couture Bars - Orange Burst - 6 Pack - 200 grams,$72.00 ,$12.00 / 1EA,/shop/productdetails/1074083036/chocolate-works-chocolate-couture-bars-orange-burst-6-pack-200-grams
1074083038,Chocolate Works - Chocolate Couture Bars - Peppermint Crisp - 6 Pack - 200 grams,$72.00 ,$12.00 / 1EA,/shop/productdetails/1074083038/chocolate-works-chocolate-couture-bars-peppermint-crisp-6-pack-200-grams
1074082979,Chocolate Works - Coconut Bliss Bar - 10 Pack - 100 grams,$50.00 ,$5.00 / 1EA,/shop/productdetails/1074082979/chocolate-works-coconut-bliss-bar-10-pack-100-grams
1074082978,Chocolate Works - Honey Joy Bar - 10 Pack - 100 grams,$60.00 ,$6.00 / 1EA,/shop/productdetails/1074082978/chocolate-works-honey-joy-bar-10-pack-100-grams
1074083079,Chocolate Works - SnackEzy OMG Bar - 10 Pack - 75 grams,$59.50 ,$5.95 / 1EA,/shop/productdetails/1074083079/chocolate-works-snackezy-omg-bar-10-pack-75-grams
1074052701,Chocolate Works - The Great Aussie Waffle Log - 12 Pack - 80 grams,$60.00 ,$5.00 / 1EA,/shop/productdetails/1074052701/chocolate-works-the-great-aussie-waffle-log-12-pack-80-grams
1074050993,Cinnamon Toast Crunch Churros Cereal 337g 2PK,$30.00 ,$15.00 / 1EA,/shop/productdetails/1074050993/cinnamon-toast-crunch-churros-cereal-337g-2pk
1074024182,Coffee Hero Colombia Supremo Tenza Valley whole beans 500g,$29.99 ,$6.00 / 100G,/shop/productdetails/1074024182/coffee-hero-colombia-supremo-tenza-valley-whole-beans-500g
1074024180,Coffee Hero Colombian Decaf single origin whole beans 1kg,$55.95 ,$5.60 / 100G,/shop/productdetails/1074024180/coffee-hero-colombian-decaf-single-origin-whole-beans-1kg
1074024202,Coffee Hero Ethiopia Muda Tatesa whole beans 1kg,$67.99 ,$6.80 / 100G,/shop/productdetails/1074024202/coffee-hero-ethiopia-muda-tatesa-whole-beans-1kg
1074024201,Coffee Hero Ethiopia Muda Tatesa whole beans 500g,$44.99 ,$9.00 / 100G,/shop/productdetails/1074024201/coffee-hero-ethiopia-muda-tatesa-whole-beans-500g
1074024188,Coffee Hero Kenya Gachuiro whole beans 500g,$44.99 ,$9.00 / 100G,/shop/productdetails/1074024188/coffee-hero-kenya-gachuiro-whole-beans-500g
1074024174,Coffee Hero Kickstart whole beans 1kg,$59.99 ,$12.00 / 100G,/shop/productdetails/1074024174/coffee-hero-kickstart-whole-beans-1kg
1074024173,Coffee Hero Kickstart whole beans 500g,$29.99 ,$3.00 / 100G,/shop/productdetails/1074024173/coffee-hero-kickstart-whole-beans-500g
1074024196,Coffee Hero Peru Kontiki whole beans 250g,$19.99 ,$8.00 / 100G,/shop/productdetails/1074024196/coffee-hero-peru-kontiki-whole-beans-250g
1074024171,Coffee Hero Smooth Operator whole beans 1kg,$59.95 ,$6.00 / 100G,/shop/productdetails/1074024171/coffee-hero-smooth-operator-whole-beans-1kg
265544,Connect Foods Keto Ground Coffee Coffee 200g,$16.00 ,$8.00 / 100G,/shop/productdetails/265544/connect-foods-keto-ground-coffee-coffee
1073959843,Core Organics Certified Organic Australian Ghee 250ml Per Jar x 2 jars,$40.50 ,$8.10 / 100ML,/shop/productdetails/1073959843/core-organics-certified-organic-australian-ghee-250ml-per-jar-x-2-jars
724820,Crosse & Blackwell South African Mayonnaise 750g,$9.50 ,$1.27 / 100G,/shop/productdetails/724820/crosse-blackwell-south-african-mayonnaise
1074164800,Daily Bake Silicone Rolling Pin 49 x 6cm Red,$29.00 ,,/shop/productdetails/1074164800/daily-bake-silicone-rolling-pin-49-x-6cm-red
238157,De Zhuang  Hot Pot Soup Porcini Mushroom 150g,$5.00 ,$3.33 / 100G,/shop/productdetails/238157/de-zhuang-hot-pot-soup-porcini-mushroom
1074034735,Dee Thailand Crispy Roll Banana Flavour 150g X 3Pack,$18.99 ,$6.33 / 1EA,/shop/productdetails/1074034735/dee-thailand-crispy-roll-banana-flavour-150g-x-3pack
1074034731,Dee Thailand Crispy Roll Durain Flavour 150g X 3Pack,$18.99 ,$6.33 / 1EA,/shop/productdetails/1074034731/dee-thailand-crispy-roll-durain-flavour-150g-x-3pack
1074025800,Di Stefano Coffee Beans 109 Speciality Blend 250g 2PK,$39.00 ,$19.50 / 1EA,/shop/productdetails/1074025800/di-stefano-coffee-beans-109-speciality-blend-250g-2pk
1074025810,Di Stefano Coffee Beans 1735 Blend 250g Fair Trade,$25.00 ,$10.00 / 100G,/shop/productdetails/1074025810/di-stefano-coffee-beans-1735-blend-250g-fair-trade
1074025822,Di Stefano Decaf Coffee Beans Decaffeinato 250g 2PK,$39.00 ,$19.50 / 1EA,/shop/productdetails/1074025822/di-stefano-decaf-coffee-beans-decaffeinato-250g-2pk
1074025865,Di Stefano Decaf Coffee Capsules/Pod Decaffeinato 10pc 54g,$20.00 ,$2.00 / 1EA,/shop/productdetails/1074025865/di-stefano-decaf-coffee-capsules-pod-decaffeinato-10pc-54g
1074032798,Dole Pineapple Slices in Juice 567g x 12,$62.99 ,$31.50 / 1EA,/shop/productdetails/1074032798/dole-pineapple-slices-in-juice-567g-x-12
1074032894,Dubble Bubble Painterz Mouth Colouring Bubble Gum 240 pieces 1.32 kg,$49.00 ,"$3,712.12 / 100G",/shop/productdetails/1074032894/dubble-bubble-painterz-mouth-colouring-bubble-gum-240-pieces-1-32-kg
1074252214,Edlyn Custard Powder Gluten Free 5Kg,$56.31 ,,/shop/productdetails/1074252214/edlyn-custard-powder-gluten-free-5kg
1073779616,Egyptian Red Herbal Loose Leaf Tea Tea Of The Pharaohs 100g,$19.95 ,$19.95 / 100G,/shop/productdetails/1073779616/egyptian-red-herbal-loose-leaf-tea-tea-of-the-pharaohs-100g
201925,El Cielo 3 Chiles Red Salsa Chilli Sauce 150 Ml,$9.00 ,$6.00 / 100ML,/shop/productdetails/201925/el-cielo-3-chiles-red-salsa-chilli-sauce
1074128475,Espressotoria System Decaf Coffee Capsules - 12 Packs,$72.00 ,$6.00 / 1EA,/shop/productdetails/1074128475/espressotoria-system-decaf-coffee-capsules-12-packs
1074128496,Espressotoria System Latte Coffee Capsules - 12 Packs,$72.00 ,$6.00 / 1EA,/shop/productdetails/1074128496/espressotoria-system-latte-coffee-capsules-12-packs
1074154187,Espressotoria System Organic Coffee Capsules - 12 Packs,$72.00 ,$6.00 / 1EA,/shop/productdetails/1074154187/espressotoria-system-organic-coffee-capsules-12-packs
1074128630,Espressotoria System Oro Coffee Capsules - 12 Packs,$72.00 ,$6.00 / 1EA,/shop/productdetails/1074128630/espressotoria-system-oro-coffee-capsules-12-packs
1073865585,Essential Hemp Organic Hemp Gold Seed Oil 500ml,$19.96 ,$3.99 / 100ML,/shop/productdetails/1073865585/essential-hemp-organic-hemp-gold-seed-oil-500ml
1074031777,Essential Hemp Organic Hemp Seeds Hulled 1kg,$38.76 ,$3.88 / 100G,/shop/productdetails/1074031777/essential-hemp-organic-hemp-seeds-hulled-1kg
1074027143,Eureka Canned Popcorn Caramel Flavor 70g&nbsp;X 4Pack,$22.99 ,$8.21 / 100G,/shop/productdetails/1074027143/eureka-canned-popcorn-caramel-flavor-70g-nbsp-x-4pack
1073779384,Everymite Allergy-Friendly Superspread The Original 240g,$15.95 ,$6.65 / 100G,/shop/productdetails/1073779384/everymite-allergy-friendly-superspread-the-original-240g
1073962686,Everyorganics Everymite Immushroom Boosted With Wild Shiitake 150g,$13.95 ,$9.30 / 100G,/shop/productdetails/1073962686/everyorganics-everymite-immushroom-boosted-with-wild-shiitake-150g
155244,Filippo Berio Classic Pesto 190g,$4.80 ,$2.53 / 100G,/shop/productdetails/155244/filippo-berio-classic-pesto
221796,Fine Fettle Cauli Rice 50g,$7.00 ,$14.00 / 100G,/shop/productdetails/221796/fine-fettle-cauli-rice
1074025909,Foda Certified Organic Canned Black Beans Vegan 12pc 400g,$32.00 ,$2.67 / 1EA,/shop/productdetails/1074025909/foda-certified-organic-canned-black-beans-vegan-12pc-400g
1073890244,Food to Nourish Decadent Chocolate Cake Mix 400g,$13.95 ,$23.25 / 100ML,/shop/productdetails/1073890244/food-to-nourish-decadent-chocolate-cake-mix-400g
1073890242,Food to Nourish Fluffy Pancake Mix 300g,$10.95 ,$21.90 / 100ML,/shop/productdetails/1073890242/food-to-nourish-fluffy-pancake-mix-300g
1073890245,Food to Nourish Paleo's Breakfast Adventure 300g,$19.95 ,$19.95 / 1EA,/shop/productdetails/1073890245/food-to-nourish-paleo-s-breakfast-adventure-300g
1073890252,Food to Nourish Simply Vanilla Muffin Mix 360g,$12.50 ,$83.33 / 100ML,/shop/productdetails/1073890252/food-to-nourish-simply-vanilla-muffin-mix-360g
122252,G7 3 In 1 Coffee Mix 16g X18 Pack,$5.00 ,$1.74 / 100G,/shop/productdetails/122252/g7-3-in-1-coffee-mix
1074003620,"GODIVA Belgian Chocolate Coated Australian Macadamia Pearls, Milk & Dark Flavours, 300g (2 Pack)",$75.00 ,,/shop/productdetails/1074003620/godiva-belgian-chocolate-coated-australian-macadamia-pearls-milk-dark-flavours-300g-2-pack-
1074133634,GODIVA Chocolate Signature 72% Dark Chocolate Mini Gourmet Chocolate Bars (12 Pack),$80.00 ,$6.67 / 1EA,/shop/productdetails/1074133634/godiva-chocolate-signature-72-dark-chocolate-mini-gourmet-chocolate-bars-12-pack-
1074133635,"GODIVA Chocolate Signature Dark Chocolate Mini Gourmet Chocolate Bars, Sea Salt Flavour (12 Pack)",$80.00 ,$6.67 / 1EA,/shop/productdetails/1074133635/godiva-chocolate-signature-dark-chocolate-mini-gourmet-chocolate-bars-sea-salt-flavour-12-pack-
1074001346,GODIVA Gourmet Belgian Chocolate Heaven Pack (1 Gift Box + 4 Chocolate Bars),$72.00 ,,/shop/productdetails/1074001346/godiva-gourmet-belgian-chocolate-heaven-pack-1-gift-box-4-chocolate-bars-
1074001348,GODIVA Gourmet Belgian Chocolate Luxe Gift Box Bundle (2 Boxes),$148.00 ,,/shop/productdetails/1074001348/godiva-gourmet-belgian-chocolate-luxe-gift-box-bundle-2-boxes-
1074001395,"GODIVA Gourmet Chocolate Cookies Gift Box, 32 Pieces | 210g",$67.90 ,$2.12 / 1EA,/shop/productdetails/1074001395/godiva-gourmet-chocolate-cookies-gift-box-32-pieces-210g
1074001423,"GODIVA Gourmet Chocolate Gold Collection Gift Box, 35 Pieces | 312g",$89.90 ,$2.57 / 1EA,/shop/productdetails/1074001423/godiva-gourmet-chocolate-gold-collection-gift-box-35-pieces-312g
1074001319,"GODIVA Gourmet Chocolate Grand Place Gift Box, 30 Pieces | 998g",$108.00 ,,/shop/productdetails/1074001319/godiva-gourmet-chocolate-grand-place-gift-box-30-pieces-998g
1074001308,"GODIVA Premium Assorted Milk & Dark Chocolate Biscuits Box, 32 Pieces | 245g",$59.40 ,$1.86 / 1EA,/shop/productdetails/1074001308/godiva-premium-assorted-milk-dark-chocolate-biscuits-box-32-pieces-245g
1074001394,GODIVA Premium Belgian Chocolate Gift Box Bundle | 3 Gift Box Pack,$75.90 ,,/shop/productdetails/1074001394/godiva-premium-belgian-chocolate-gift-box-bundle-3-gift-box-pack
1074001425,"GODIVA Premium Gold Collection Chocolate Gift Box, 25 Pieces | 230g",$64.90 ,$2.60 / 1EA,/shop/productdetails/1074001425/godiva-premium-gold-collection-chocolate-gift-box-25-pieces-230g
1074133633,"GODIVA Signature Milk Chocolate Mini Gourmet Chocolate Bars, Almond & Honey Flavour (12 Pack)",$80.00 ,$6.67 / 1EA,/shop/productdetails/1074133633/godiva-signature-milk-chocolate-mini-gourmet-chocolate-bars-almond-honey-flavour-12-pack-
1074334489,Garniche79 Chilli Margarita Salt - Drink and Food Decoration 200g,$27.95 ,$1.40 / 10G,/shop/productdetails/1074334489/garniche79-chilli-margarita-salt-drink-and-food-decoration-200g
1074324080,Garniche79 Dehydrated Lemon - Drink and Cake Decoration 60g,$29.95 ,$499.17 / 1KG,/shop/productdetails/1074324080/garniche79-dehydrated-lemon-drink-and-cake-decoration-60g
1074334488,Garniche79 Dehydrated Orange - Drink and Cake Decoration 80g,$29.95 ,$374.38 / 1KG,/shop/productdetails/1074334488/garniche79-dehydrated-orange-drink-and-cake-decoration-80g
1074032681,Gefen Baking Powder 226g x 2,$31.50 ,$15.75 / 1EA,/shop/productdetails/1074032681/gefen-baking-powder-226g-x-2
1073963217,Gevity Rx Bone Broth Better Belly BBQ,$17.00 ,$4.53 / 100ML,/shop/productdetails/1073963217/gevity-rx-bone-broth-better-belly-bbq
1073963208,Gevity Rx Bone Broth Great Guts Mayo,$17.00 ,$4.53 / 100ML,/shop/productdetails/1073963208/gevity-rx-bone-broth-great-guts-mayo
1073963212,Gevity Rx Broth Marinade Portugese 375ml,$18.50 ,$4.93 / 100ML,/shop/productdetails/1073963212/gevity-rx-broth-marinade-portugese-375ml
1073963211,Gevity Rx Broth Marinade Smokey Texan 375ml,$18.50 ,$4.93 / 100ML,/shop/productdetails/1073963211/gevity-rx-broth-marinade-smokey-texan-375ml
1073963988,Gevity Rx Broth Marinade Teriyaki 375ml,$18.50 ,$4.93 / 100ML,/shop/productdetails/1073963988/gevity-rx-broth-marinade-teriyaki-375ml
1074114283,Glico Pretz Sake Salad 10 pieces 69g X 4Pack,$18.00 ,$3.60 / 1EA,/shop/productdetails/1074114283/glico-pretz-sake-salad-10-pieces-69g-x-4pack
1073777070,Gloriously Free Gf Rolled Quick Oats 450g,$13.55 ,$2.71 / 100ML,/shop/productdetails/1073777070/gloriously-free-gf-rolled-quick-oats-450g
1073780049,Gloriously Free Oat Flour 600g,$13.43 ,$26.86 / 1L,/shop/productdetails/1073780049/gloriously-free-oat-flour-600g
1073962763,Golden Dragonfish Edible Vegetable Blend Oil 1.8L,$26.99 ,$1.50 / 100ML,/shop/productdetails/1073962763/golden-dragonfish-edible-vegetable-blend-oil-1-8l
1073865599,Golden Wattle Chocolate Chai Loose Leaf Tea 100g,$19.80 ,$19.80 / 100G,/shop/productdetails/1073865599/golden-wattle-chocolate-chai-loose-leaf-tea-100g
1073865634,Golden Wattle Sleeping Beauty 50g,$15.00 ,$30.00 / 100G,/shop/productdetails/1073865634/golden-wattle-sleeping-beauty-50g
1073865597,Golden Wattle Traditional Chai Loose Leaf Tea 100g,$19.80 ,$19.80 / 100G,/shop/productdetails/1073865597/golden-wattle-traditional-chai-loose-leaf-tea-100g
1073961469,Gourmet Bites Chocolate Nuts & Cracker Snack Gift Hamper,$59.95 ,,/shop/productdetails/1073961469/gourmet-bites-chocolate-nuts-cracker-snack-gift-hamper
1074252198,Gravox Gravy Mix Rich Brown 2.5Kg,$68.29 ,,/shop/productdetails/1074252198/gravox-gravy-mix-rich-brown-2-5kg
1074025832,Grill Society BBQ Rub - Kicki'n Southwest 150g,$18.00 ,$1.20 / 10G,/shop/productdetails/1074025832/grill-society-bbq-rub-kicki-n-southwest-150g
1073927452,Grill Society BBQ Rub Lamb Hunter 240g,$18.00 ,$7.50 / 100G,/shop/productdetails/1073927452/grill-society-bbq-rub-lamb-hunter-240g
1073927466,Grill Society Hot Sauce Collection 300ml 3pc,$26.00 ,$8.67 / 100ML,/shop/productdetails/1073927466/grill-society-hot-sauce-collection-300ml-3pc
1073962709,Haday Sesame Oil 250g X 2Pack,$20.49 ,$4.10 / 100G,/shop/productdetails/1073962709/haday-sesame-oil-250g-x-2pack
1073962708,Haday Soya Bean Paste 340g X 4Pack,$18.99 ,$0.14 / 10G,/shop/productdetails/1073962708/haday-soya-bean-paste-340g-x-4pack
1074119481,Hakubaku Organic Cha Soba 200g X 4Pack,$21.59 ,$4.32 / 1EA,/shop/productdetails/1074119481/hakubaku-organic-cha-soba-200g-x-4pack
1074114295,Hakubaku Organic Ramen 270g X 4Pack,$23.99 ,$4.80 / 1EA,/shop/productdetails/1074114295/hakubaku-organic-ramen-270g-x-4pack
167411,Hbaf Cookies & Cream Almonds 120g,$9.00 ,$7.50 / 100G,/shop/productdetails/167411/hbaf-cookies-cream-almonds
1073837679,Hemp Oz Soothing Tea - Relieve (Anti-Inflammatory) 60G,$18.95 ,$31.58 / 100G,/shop/productdetails/1073837679/hemp-oz-soothing-tea-relieve-anti-inflammatory-60g
1074032816,Hershey's Kisses Milk Chocolate 330 Pieces 1.58kg,$55.99 ,$3.54 / 100G,/shop/productdetails/1074032816/hershey-s-kisses-milk-chocolate-330-pieces-1-58kg
803611,Hime Japanese Buckwheat Noodles 720g,$7.25 ,$1.01 / 100G,/shop/productdetails/803611/hime-japanese-buckwheat-noodles
65700,Hot Pot Clear Soup 110g,$5.80 ,$5.27 / 100G,/shop/productdetails/65700/hot-pot-clear-soup
65890,Hot Pot Dips Original 140g,$2.55 ,$1.82 / 100G,/shop/productdetails/65890/hot-pot-dips-original
66967,Hot Pot Seasoning Mushroom 150g,$5.80 ,$3.87 / 100G,/shop/productdetails/66967/hot-pot-seasoning-mushroom
1073807027,Hottea Mama Morning Rescue 15pack,$15.75 ,$1.05 / 1EA,/shop/productdetails/1073807027/hottea-mama-morning-rescue-15pack
1073897765,Hottea Mama New Mama Wellness Tea Set 1pk,$44.75 ,$44.75 / 1EA,/shop/productdetails/1073897765/hottea-mama-new-mama-wellness-tea-set-1pk
1073807030,Hottea Mama Newborn Wonder 15pack,$15.75 ,$1.05 / 1EA,/shop/productdetails/1073807030/hottea-mama-newborn-wonder-15pack
1074028256,Huang Fei Hong Spicy Peanuts 210g?X 3Pack,$18.69 ,$29.67 / 1KG,/shop/productdetails/1074028256/huang-fei-hong-spicy-peanuts-210g-x-3pack
1073974298,I Am Grounded Banana Coconut & Coffee Fruit Superfruit Clusters 120g,$12.00 ,$10.00 / 100G,/shop/productdetails/1073974298/i-am-grounded-banana-coconut-coffee-fruit-superfruit-clusters-120g
1073908268,Illy Blend Instant Smooth Coffee 95g 3PK,$49.00 ,$16.33 / 1EA,/shop/productdetails/1073908268/illy-blend-instant-smooth-coffee-95g-3pk
1073908309,Illy Classico Coffee Beans 3kg,$166.00 ,$5.53 / 100G,/shop/productdetails/1073908309/illy-classico-coffee-beans-3kg
1073908227,Illy Decaf Espresso Ground Coffee 250g 3PK,$52.00 ,$17.33 / 1EA,/shop/productdetails/1073908227/illy-decaf-espresso-ground-coffee-250g-3pk
1073908221,Illy Decaf iperEspresso Coffee Capsules 140g 21pc,$33.00 ,$1.57 / 1EA,/shop/productdetails/1073908221/illy-decaf-iperespresso-coffee-capsules-140g-21pc
1073908324,Illy Intenso Coffee Beans 3kg,$166.00 ,$5.53 / 100G,/shop/productdetails/1073908324/illy-intenso-coffee-beans-3kg
1073908212,Illy Intenso iperEspresso Coffee Capsules 140g 21pc,$43.00 ,$2.05 / 1EA,/shop/productdetails/1073908212/illy-intenso-iperespresso-coffee-capsules-140g-21pc
1074214932,Island Curries Curry Jars No.3 Harissa Gluten Free Curry Paste Paste 210g Madras Gluten Free Curry Powder 100g Gluten Free Duo,$25.90 ,$8.35 / 100G,/shop/productdetails/1074214932/island-curries-curry-jars-no-3-harissa-gluten-free-curry-paste-paste-210g-madras-gluten-free-curry-powder-100g-gluten-free-duo
1074214966,Island Curries Massaman Gluten Free Curry Paste 1kg,$29.95 ,$3.00 / 100G,/shop/productdetails/1074214966/island-curries-massaman-gluten-free-curry-paste-1kg
1074215960,Island Curries Tasmanian Curry Jars No.7 Vindaloo Paste 225g Chennai Paste 225g Gluten Free Curry Paste Duo,$25.90 ,$5.76 / 100G,/shop/productdetails/1074215960/island-curries-tasmanian-curry-jars-no-7-vindaloo-paste-225g-chennai-paste-225g-gluten-free-curry-paste-duo
1074025782,Jelly Belly 20 Assorted Flavours 100g Jelly Beans 12pc,$64.00 ,$5.33 / 1EA,/shop/productdetails/1074025782/jelly-belly-20-assorted-flavours-100g-jelly-beans-12pc
1073814386,Jelly Belly Sours Jelly Beans Pouch Chewy Confectionery 30pc 28g,$49.95 ,$1.67 / 1EA,/shop/productdetails/1073814386/jelly-belly-sours-jelly-beans-pouch-chewy-confectionery-30pc-28g
1074044194,JinJin Coconut Jelly Assorted Flavour 400g X 3Pack,$18.69 ,$6.23 / 1EA,/shop/productdetails/1074044194/jinjin-coconut-jelly-assorted-flavour-400g-x-3pack
1074044195,JinJin Coconut Jelly Lychee Flavour 400g X 3Pack,$19.99 ,$6.66 / 1EA,/shop/productdetails/1074044195/jinjin-coconut-jelly-lychee-flavour-400g-x-3pack
1074044196,JinJin Coconut Jelly Mango Flavour 400g X 3Pack,$19.99 ,$6.66 / 1EA,/shop/productdetails/1074044196/jinjin-coconut-jelly-mango-flavour-400g-x-3pack
1074044191,JinJin Ice Pops Calpis Flavour 8pcs 680ml X 3Pack,$19.99 ,$6.66 / 1EA,/shop/productdetails/1074044191/jinjin-ice-pops-calpis-flavour-8pcs-680ml-x-3pack
1074044192,JinJin Ice Pops Mango Flavour 8pcs 680ml X 3Pack,$19.99 ,$6.66 / 1EA,/shop/productdetails/1074044192/jinjin-ice-pops-mango-flavour-8pcs-680ml-x-3pack
1073972405,Jomeis Fine Foods Add Some Spice Bundle - 360 g,$39.85 ,$39.85 / 1EA,/shop/productdetails/1073972405/jomeis-fine-foods-add-some-spice-bundle-360-g
1074001256,Jomeis Fine Foods Beetroot & Cacao Duo Pack - 480g,$36.99 ,$7.71 / 100G,/shop/productdetails/1074001256/jomeis-fine-foods-beetroot-cacao-duo-pack-480g
1074297554,Jomeis Fine Foods Box of 5 Plant-Based Hoodles - Vegetable,$30.00 ,$6.00 / 1EA,/shop/productdetails/1074297554/jomeis-fine-foods-box-of-5-plant-based-hoodles-vegetable
1074001257,Jomeis Fine Foods Cacao & Coconut Duo Pack - 480g,$36.99 ,$7.71 / 100G,/shop/productdetails/1074001257/jomeis-fine-foods-cacao-coconut-duo-pack-480g
1074001247,Jomeis Fine Foods Cacao Latte Duo Pack - 240g,$24.95 ,$10.40 / 100G,/shop/productdetails/1074001247/jomeis-fine-foods-cacao-latte-duo-pack-240g
1073972391,Jomeis Fine Foods Cacao Lovers Bundle - 360 g,$39.95 ,$39.95 / 1EA,/shop/productdetails/1073972391/jomeis-fine-foods-cacao-lovers-bundle-360-g
1073972407,Jomeis Fine Foods Deep Cleanse Bundle - 360 g,$39.95 ,$39.95 / 1EA,/shop/productdetails/1073972407/jomeis-fine-foods-deep-cleanse-bundle-360-g
1074001254,Jomeis Fine Foods Jaffa Latte Duo Pack - 240g,$24.95 ,$10.40 / 100G,/shop/productdetails/1074001254/jomeis-fine-foods-jaffa-latte-duo-pack-240g
1074001249,Jomeis Fine Foods Minty Cacao Latte Duo Pack - 240g,$24.95 ,$10.40 / 100G,/shop/productdetails/1074001249/jomeis-fine-foods-minty-cacao-latte-duo-pack-240g
1074001252,Jomeis Fine Foods Spicy Ginger Latte Duo Pack - 240g,$24.90 ,$24.90 / 100G,/shop/productdetails/1074001252/jomeis-fine-foods-spicy-ginger-latte-duo-pack-240g
1073972394,Jomeis Fine Foods The Beetroot Bundle - 610 g,$49.95 ,$49.95 / 1EA,/shop/productdetails/1073972394/jomeis-fine-foods-the-beetroot-bundle-610-g
1073972404,Jomeis Fine Foods The Matcha Bundle - 350 g,$34.95 ,$34.95 / 1EA,/shop/productdetails/1073972404/jomeis-fine-foods-the-matcha-bundle-350-g
1074001255,Jomeis Fine Foods Vanilla Latte Duo Pack - 240g,$34.95 ,$14.56 / 100G,/shop/productdetails/1074001255/jomeis-fine-foods-vanilla-latte-duo-pack-240g
1074027189,Julies Raymond Chocolate Hazelnut Sandwich Cookies 180g X 3Pack,$18.99 ,$3.52 / 100G,/shop/productdetails/1074027189/julies-raymond-chocolate-hazelnut-sandwich-cookies-180g-x-3pack
1074046987,Kakawa Chocolates Gift Box 25 Chocolates Assorted,$65.00 ,,/shop/productdetails/1074046987/kakawa-chocolates-gift-box-25-chocolates-assorted
1074047214,Kakawa Chocolates Gift Box 50 Chocolates Assorted,$125.00 ,,/shop/productdetails/1074047214/kakawa-chocolates-gift-box-50-chocolates-assorted
1073961457,Kangaroo Island Olives - Extra Virgin Olive Oil 500ml,$19.95 ,$3.99 / 100ML,/shop/productdetails/1073961457/kangaroo-island-olives-extra-virgin-olive-oil-500ml
1074032813,Kara UHT Coconut Milk 8 x 400ML,$43.50 ,$5.44 / 1EA,/shop/productdetails/1074032813/kara-uht-coconut-milk-8-x-400ml
1073944511,Keto Naturals Cookies Vanilla 64g 2pack,$13.90 ,$10.86 / 100G,/shop/productdetails/1073944511/keto-naturals-cookies-vanilla-64g-2pack
1074114287,Kewpie Dressing Roasted Sesame 210ml X 4Pack,$24.69 ,$4.94 / 1EA,/shop/productdetails/1074114287/kewpie-dressing-roasted-sesame-210ml-x-4pack
1074114318,Kido Mango & Custard Flavor Daifuku 12pieces 200g X 4Pack,$31.99 ,$6.40 / 1EA,/shop/productdetails/1074114318/kido-mango-custard-flavor-daifuku-12pieces-200g-x-4pack
1074043559,Knorr Sauce Chinese Sweet & Sour 2 Kg,$53.79 ,$2.69 / 100G,/shop/productdetails/1074043559/knorr-sauce-chinese-sweet-sour-2-kg
194782,Kula Mineral Water 250 Ml,,,/shop/productdetails/194782/kula-mineral-water
1074032631,Kvuzat Yavne Green Olives Sliced 540g x 3,$29.99 ,$10.00 / 1EA,/shop/productdetails/1074032631/kvuzat-yavne-green-olives-sliced-540g-x-3
112747,La Morena Chipotle Sauce 230g,,,/shop/productdetails/112747/la-morena-chipotle-sauce
1074159910,Lanes BBQ Garlic Rub 298g,$38.80 ,,/shop/productdetails/1074159910/lanes-bbq-garlic-rub-298g
1074159907,Lanes BBQ Magic dust 340g,$38.80 ,,/shop/productdetails/1074159907/lanes-bbq-magic-dust-340g
1074160610,Lanes BBQ Sweet Lemon Pepper 340g,$37.75 ,,/shop/productdetails/1074160610/lanes-bbq-sweet-lemon-pepper-340g
1074044405,Lavazza A Modo Mio Rossa Capsules 216 Pods,$150.00 ,$69.44 / 100EA,/shop/productdetails/1074044405/lavazza-a-modo-mio-rossa-capsules-216-pods
1073982301,Lavazza Espresso Lungo Nespresso Compatible Capsules 100 Pods,$62.00 ,$62.00 / 100EA,/shop/productdetails/1073982301/lavazza-espresso-lungo-nespresso-compatible-capsules-100-pods
1073982302,Lavazza Qualita Rossa Nespresso Compatible Capsules 100 Pods,$62.00 ,$62.00 / 100EA,/shop/productdetails/1073982302/lavazza-qualita-rossa-nespresso-compatible-capsules-100-pods
309483,Lavazza Tales Of Italy Alluring Napoli Coffee Beans 500g,$15.00 ,$3.00 / 100G,/shop/productdetails/309483/lavazza-tales-of-italy-alluring-napoli-coffee-beans
1074045835,Lay's Potato Chips American Classic Original 70g X4Pack,$18.09 ,$4.52 / 1EA,/shop/productdetails/1074045835/lay-s-potato-chips-american-classic-original-70g-x4pack
1074027200,Lay's Potato Chips Crispy Grilled Chicken Wings Flavor 70g X 4Pack,$17.79 ,$6.35 / 100G,/shop/productdetails/1074027200/lay-s-potato-chips-crispy-grilled-chicken-wings-flavor-70g-x-4pack
1074045844,Lay's Potato Chips Italian Red Meat Flavor 70g X 4Pack,$16.99 ,$4.25 / 1EA,/shop/productdetails/1074045844/lay-s-potato-chips-italian-red-meat-flavor-70g-x-4pack
1074045900,Lay's Potato Chips Lime Flavor 70g X 4Pack,$18.99 ,$4.75 / 1EA,/shop/productdetails/1074045900/lay-s-potato-chips-lime-flavor-70g-x-4pack
1074027194,Lay's potato chips crispy grilled fish flavor 70g X 4Pack,$16.99 ,$6.07 / 100G,/shop/productdetails/1074027194/lay-s-potato-chips-crispy-grilled-fish-flavor-70g-x-4pack
1074031749,Lee Kum Kee Chicken Bouillon Salt 227g&nbsp; X 2Pack,$22.49 ,$11.25 / 1EA,/shop/productdetails/1074031749/lee-kum-kee-chicken-bouillon-salt-227g-nbsp-x-2pack
1073962827,Lee Kum Kee Chinese Braising Sauce 410ml x 2Pack,$21.99 ,$2.68 / 100ML,/shop/productdetails/1073962827/lee-kum-kee-chinese-braising-sauce-410ml-x-2pack
1073962765,Lee Kum Kee Columnar Sauce 368g x 2Pack,$25.29 ,$3.44 / 100G,/shop/productdetails/1073962765/lee-kum-kee-columnar-sauce-368g-x-2pack
1073962968,Lee Kum Kee Guilin Style Chili Sauce 368g x 2Pack,$24.99 ,$3.40 / 100G,/shop/productdetails/1073962968/lee-kum-kee-guilin-style-chili-sauce-368g-x-2pack
1074027638,Little Boss Crispy Nori Spicy Squid Flavor 24g&nbsp;X 4Pack,$21.29 ,$22.18 / 100G,/shop/productdetails/1074027638/little-boss-crispy-nori-spicy-squid-flavor-24g-nbsp-x-4pack
1073779756,Locako Natural Gelatin 200g,$17.05 ,$0.43 / 100ML,/shop/productdetails/1073779756/locako-natural-gelatin-200g
1073836854,Lotus Sweet Potato Flour 500g,$15.69 ,$15.69 / 1EA,/shop/productdetails/1073836854/lotus-sweet-potato-flour-500g
1073944501,Loving Earth Caramel Chocolate 80g 2pack,$12.95 ,$8.09 / 100G,/shop/productdetails/1073944501/loving-earth-caramel-chocolate-80g-2pack
1073890459,Low Carb Life Low Carb Pastry Mix Keto Bake Mix 300g,$15.95 ,$5.32 / 1EA,/shop/productdetails/1073890459/low-carb-life-low-carb-pastry-mix-keto-bake-mix-300g
1074032836,M&M's Milk Chocolate Jar 1.2kg x 2,$64.39 ,$32.20 / 1EA,/shop/productdetails/1074032836/m-m-s-milk-chocolate-jar-1-2kg-x-2
89724,Macro Dried Mixed Fruit 1kg,$10.00 ,$10.00 / 1KG,/shop/productdetails/89724/macro-dried-mixed-fruit
1073920092,Macro Organic Brazilnuts 250g Carton 6pk,$66.00 ,$44.00 / 1KG,/shop/productdetails/1073920092/macro-organic-brazilnuts-250g-carton-6pk
1073935450,Macro Organic Goji Berries 200g 6pack,$42.00 ,$3.50 / 100G,/shop/productdetails/1073935450/macro-organic-goji-berries-200g-6pack
1073921154,Macro Psyllium Husk Organic 250g Carton 6pk,$36.00 ,$2.40 / 100G,/shop/productdetails/1073921154/macro-psyllium-husk-organic-250g-carton-6pk
80511,Maggi Chicken Noodle Soup 60g,,,/shop/productdetails/80511/maggi-chicken-noodle-soup
123106,Mama Oriental Kitchen Hot Korean Noodles 85g,$2.50 ,$2.94 / 100G,/shop/productdetails/123106/mama-oriental-kitchen-hot-korean-noodles
1073778211,Manuka Health Mgo 400+ Umf 13 Manuka Honey 500g,$127.51 ,$51.00 / 100G,/shop/productdetails/1073778211/manuka-health-mgo-400-umf-13-manuka-honey-500g
1074114457,Marie Ange di Costa Flower Fairy Italian Praline Chocolates--Diamond in Rose 140g,$15.00 ,$10.00 / 100G,/shop/productdetails/1074114457/marie-ange-di-costa-flower-fairy-italian-praline-chocolates-diamond-in-rose-140g
1074125676,Marie Ange di Costa Flower Fairy Italian Tin with Butter BiscuitsThe Magra Rectangle in Lime 140g,$15.00 ,$10.00 / 100G,/shop/productdetails/1074125676/marie-ange-di-costa-flower-fairy-italian-tin-with-butter-biscuits-the-magra-rectangle-in-lime-140g
1074114369,Marie Ange di Costa Italian Flower Fairy Circular Tin in Violet with Praline Chocolates 250g,$20.00 ,$8.00 / 100G,/shop/productdetails/1074114369/marie-ange-di-costa-italian-flower-fairy-circular-tin-in-violet-with-praline-chocolates-250g
1074114450,Marie Ange di Costa Italian Flower Fairy Gift Tin with Praline Chocolates--Il Cannocchiale in Crimson 140g,$15.00 ,$10.00 / 100G,/shop/productdetails/1074114450/marie-ange-di-costa-italian-flower-fairy-gift-tin-with-praline-chocolates-il-cannocchiale-in-crimson-140g
1074114428,Marie Ange di Costa Italian Flower Fairy Music Box Praline Chocolates-Casa degli Uccelli La Foresta 140g,$15.00 ,$10.00 / 100G,/shop/productdetails/1074114428/marie-ange-di-costa-italian-flower-fairy-music-box-praline-chocolates-casa-degli-uccelli-la-foresta-140g
1074114389,Marie Ange di Costa Italian Flower Fairy Music Box with Butter Cookies-The Hour Glass in Cyan 140g,$15.00 ,$10.00 / 100G,/shop/productdetails/1074114389/marie-ange-di-costa-italian-flower-fairy-music-box-with-butter-cookies-the-hour-glass-in-cyan-140g
1074114388,Marie Ange di Costa Italian Flower Fairy Music Box with Butter Cookies-The Hour Glass in Lilac 140g,$15.00 ,$10.00 / 100G,/shop/productdetails/1074114388/marie-ange-di-costa-italian-flower-fairy-music-box-with-butter-cookies-the-hour-glass-in-lilac-140g
1074114390,Marie Ange di Costa Italian Flower Fairy Music Box with Butter Cookies-The Hour Glass in Lime 140g,$15.00 ,$10.00 / 100G,/shop/productdetails/1074114390/marie-ange-di-costa-italian-flower-fairy-music-box-with-butter-cookies-the-hour-glass-in-lime-140g
1074114427,Marie Ange di Costa Italian Flower Fairy Music Box with Praline Chocolates--Casa degli Uccelli La Danza 140g,$15.00 ,$10.00 / 100G,/shop/productdetails/1074114427/marie-ange-di-costa-italian-flower-fairy-music-box-with-praline-chocolates-casa-degli-uccelli-la-danza-140g
1074114451,Marie Ange di Costa Italian Flower Gift Tin Box with Praline Chocolates--Il Cannocchiale in Rose 140g,$15.00 ,$10.00 / 100G,/shop/productdetails/1074114451/marie-ange-di-costa-italian-flower-gift-tin-box-with-praline-chocolates-il-cannocchiale-in-rose-140g
1074114370,Marie Ange di Costa Italian Music Box Tin with Butter BiscuitsThe Pail in Pink 140g,$15.00 ,$10.00 / 100G,/shop/productdetails/1074114370/marie-ange-di-costa-italian-music-box-tin-with-butter-biscuits-the-pail-in-pink-140g
1074114378,Marie Ange di Costa Italian Music Box Tin with Praline ChocolateOctagonal in Crimson 140g,$15.00 ,$10.00 / 100G,/shop/productdetails/1074114378/marie-ange-di-costa-italian-music-box-tin-with-praline-chocolate-octagonal-in-crimson-140g
1074114377,Marie Ange di Costa Italian Music Box Tin with Praline ChocolateOctagonal in Cyan 140g,$15.00 ,$10.00 / 100G,/shop/productdetails/1074114377/marie-ange-di-costa-italian-music-box-tin-with-praline-chocolate-octagonal-in-cyan-140g
1074125677,Marie Ange di Costa Italian Tin with Butter BiscuitsThe Magra Rectangle in Crimson 140g,$15.00 ,$10.00 / 100G,/shop/productdetails/1074125677/marie-ange-di-costa-italian-tin-with-butter-biscuits-the-magra-rectangle-in-crimson-140g
1074114423,Marie Ange di Costa Italian Valentine's Day Chocolate Love Hearts in Flower Fairy Tin-The Kiss 90g,$10.00 ,$11.11 / 100G,/shop/productdetails/1074114423/marie-ange-di-costa-italian-valentine-s-day-chocolate-love-hearts-in-flower-fairy-tin-the-kiss-90g
1073978852,Master Kong's Braised Beef Noodles 98g*5bag  4pack,$25.29 ,$1.29 / 100G,/shop/productdetails/1073978852/master-kong-s-braised-beef-noodles-98g-5bag-4pack
1073961042,Mega Fizz Jumbo Showbag,$24.00 ,,/shop/productdetails/1073961042/mega-fizz-jumbo-showbag
1074032858,Meiji Hello Panda Biscuits Chocolate Flavoured Filling 21g x 30,$32.99 ,$32.99 / 1EA,/shop/productdetails/1074032858/meiji-hello-panda-biscuits-chocolate-flavoured-filling-21g-x-30
1074090007,Meiji Milk Chocolate 50g X 4Pack,$19.99 ,$3.33 / 1EA,/shop/productdetails/1074090007/meiji-milk-chocolate-50g-x-4pack
1074211223,Melrose Bone Broth Bombs Chicken 2pack,$14.95 ,$7.48 / 1EA,/shop/productdetails/1074211223/melrose-bone-broth-bombs-chicken-2pack
1073908208,Mentos Jar - Mint 540g,$18.00 ,$3.33 / 100G,/shop/productdetails/1073908208/mentos-jar-mint-540g
1074314821,"Mentos Pure Fresh Chewing Gum, Smooth Mint 30g (Box of 10)",$30.00 ,,/shop/productdetails/1074314821/mentos-pure-fresh-chewing-gum-smooth-mint-30g-box-of-10-
1074051072,Mike & Ike Original Fruits Flavoured Chewy Candy 141g 2PK,$17.00 ,$8.50 / 1EA,/shop/productdetails/1074051072/mike-ike-original-fruits-flavoured-chewy-candy-141g-2pk
1073945906,Ministry Of Tea Herbal Tea Bags Earl Grey 25S x 2pack,$15.90 ,$31.80 / 100EA,/shop/productdetails/1073945906/ministry-of-tea-herbal-tea-bags-earl-grey-25s-x-2pack
1074024571,MirMir Organics Certified Organic English Breakfast Tea Pyramid Tea Bags 40 gm x 2 packs,$21.50 ,$53.75 / 100G,/shop/productdetails/1074024571/mirmir-organics-certified-organic-english-breakfast-tea-pyramid-tea-bags-40-gm-x-2-packs
1074024569,MirMir Organics Certified Organic Green Tea & Tulsi Pyramid Tea Bags 40gm x 2 packs,$23.50 ,$58.75 / 100G,/shop/productdetails/1074024569/mirmir-organics-certified-organic-green-tea-tulsi-pyramid-tea-bags-40gm-x-2-packs
1074002166,MirMir Organics Certified Organic Green Tea Pyramid Tea Bags 40gm x 2 packs,$23.50 ,$58.75 / 100G,/shop/productdetails/1074002166/mirmir-organics-certified-organic-green-tea-pyramid-tea-bags-40gm-x-2-packs
1074002185,MirMir Organics Certified Organic Lemongrass Ginger Tea Pyramid Tea Bags 40gm x 2 packs,$23.50 ,$58.75 / 100G,/shop/productdetails/1074002185/mirmir-organics-certified-organic-lemongrass-ginger-tea-pyramid-tea-bags-40gm-x-2-packs
1074002168,MirMir Organics Certified Organic Tulsi Chamomile Tea Pyramid Tea Bags 40gm x 2 packs,$23.50 ,$58.75 / 100G,/shop/productdetails/1074002168/mirmir-organics-certified-organic-tulsi-chamomile-tea-pyramid-tea-bags-40gm-x-2-packs
1073963418,Miracle Noodle Pad Thai 6 x 280g,$39.86 ,$2.37 / 100G,/shop/productdetails/1073963418/miracle-noodle-pad-thai-6-x-280g
1073963420,Miracle Noodle Thai Tom Yum Noodle Soup 6 x 280g,$39.86 ,$2.37 / 100G,/shop/productdetails/1073963420/miracle-noodle-thai-tom-yum-noodle-soup-6-x-280g
1073972066,Morlife Monk Fruit Certified Organic Powder 100g,$28.95 ,$57.90 / 100ML,/shop/productdetails/1073972066/morlife-monk-fruit-certified-organic-powder-100g
310022,Moro Extra Virgin Olive Oil 2.2l,$30.00 ,$1.36 / 100ML,/shop/productdetails/310022/moro-extra-virgin-olive-oil
1073999509,Mount Zero Olives Bundle - 3 pack,$27.97 ,$9.32 / 1EA,/shop/productdetails/1073999509/mount-zero-olives-bundle-3-pack
1073778258,My Organics Coconut Desic 500g,$10.00 ,$10.00 / 1EA,/shop/productdetails/1073778258/my-organics-coconut-desic-500g
1073778259,My Organics Coconut Shred L/T 500g,$10.00 ,$10.00 / 1EA,/shop/productdetails/1073778259/my-organics-coconut-shred-l-t-500g
1073793741,Naked Chocolate Co Freeze Dried Mango Dark Chocolate 100g,$10.00 ,$10.00 / 100G,/shop/productdetails/1073793741/naked-chocolate-co-freeze-dried-mango-dark-chocolate-100g
1073793739,Naked Chocolate Co Freeze Dried Orange Dark Chocolate 100g,$10.00 ,$10.00 / 100G,/shop/productdetails/1073793739/naked-chocolate-co-freeze-dried-orange-dark-chocolate-100g
1073793738,Naked Chocolate Co Freeze Dried Raspberries Dark Chocolate 100g,$10.00 ,$10.00 / 100G,/shop/productdetails/1073793738/naked-chocolate-co-freeze-dried-raspberries-dark-chocolate-100g
1073793740,Naked Chocolate Co Freeze Dried Raspberries White Chocolate 100g,$10.00 ,$10.00 / 100G,/shop/productdetails/1073793740/naked-chocolate-co-freeze-dried-raspberries-white-chocolate-100g
238544,Nam Duong Hot Chilli Sauce 400g,,,/shop/productdetails/238544/nam-duong-hot-chilli-sauce
247863,Nestle Bar One Chocolate Bar 52g,$2.30 ,$4.42 / 100G,/shop/productdetails/247863/nestle-bar-one-chocolate-bar
1074294360,Nippy's 375ml Iced Chocolate Flavoured Milk Pk24,$65.47 ,$7.27 / 1L,/shop/productdetails/1074294360/nippy-s-375ml-iced-chocolate-flavoured-milk-pk24
1074294408,Nippy's 375ml Iced Coffee Flavoured Milk Pk24,$65.47 ,$7.27 / 1L,/shop/productdetails/1074294408/nippy-s-375ml-iced-coffee-flavoured-milk-pk24
1074294285,Nippy's 500ml Bottles Iced Strawberry Flavoured Milk Pk12,$46.66 ,$7.78 / 1L,/shop/productdetails/1074294285/nippy-s-500ml-bottles-iced-strawberry-flavoured-milk-pk12
1073962793,Nissin Izayoi Ichiban Braised Beef Flavor 100g*5bag  4pack,$30.59 ,$1.53 / 100G,/shop/productdetails/1073962793/nissin-izayoi-ichiban-braised-beef-flavor-100g-5bag-4pack
1073962791,Nissin Izayoi Iddin Chicken paste flavor 100g*5bag  4pack,$33.10 ,$1.66 / 100G,/shop/productdetails/1073962791/nissin-izayoi-iddin-chicken-paste-flavor-100g-5bag-4pack
1074028345,Nongfu Spring Tea p Grapefruit Jasmine Tea 500ml&nbsp;X 12Pack,$35.99 ,$6.00 / 1L,/shop/productdetails/1074028345/nongfu-spring-tea-p-grapefruit-jasmine-tea-500ml-nbsp-x-12pack
1074114319,Nongshim Onion Rings Snack Hot & Spicy 40g X 4Pack,$14.49 ,$2.42 / 1EA,/shop/productdetails/1074114319/nongshim-onion-rings-snack-hot-spicy-40g-x-4pack
1074051252,Nostalgic Art Mint Box Metal 6cm Tin Thank You Hard Candy Mints 2PK,$23.00 ,$11.50 / 1EA,/shop/productdetails/1074051252/nostalgic-art-mint-box-metal-6cm-tin-thank-you-hard-candy-mints-2pk
1074051017,Nostalgic Art Mint Tin Box Awesome Pills Fresh Breath Hard Candy Mints 6cm 2PK,$23.00 ,$11.50 / 1EA,/shop/productdetails/1074051017/nostalgic-art-mint-tin-box-awesome-pills-fresh-breath-hard-candy-mints-6cm-2pk
1074051132,Nostalgic Art Mint Tin Box Bicycle Beautiful Ride Hard Candy 6cm 2pk,$23.00 ,$11.50 / 1EA,/shop/productdetails/1074051132/nostalgic-art-mint-tin-box-bicycle-beautiful-ride-hard-candy-6cm-2pk
1074050944,Nostalgic Art Mint Tin Box Friendships Mint To Be Hard Candy 6cm 2pk,$23.00 ,$11.50 / 1EA,/shop/productdetails/1074050944/nostalgic-art-mint-tin-box-friendships-mint-to-be-hard-candy-6cm-2pk
1073999239,Nostalgic Art Mint Tin Box Harley-Davidson Genuine Garage Hard Candy 6cm,$18.00 ,$120.00 / 100G,/shop/productdetails/1073999239/nostalgic-art-mint-tin-box-harley-davidson-genuine-garage-hard-candy-6cm
1074051030,Nostalgic Art Mint Tin Box HarleyDavidson Genuine Garage Hard Candy 6cm 2PK,$23.00 ,$11.50 / 1EA,/shop/productdetails/1074051030/nostalgic-art-mint-tin-box-harleydavidson-genuine-garage-hard-candy-6cm-2pk
1073999246,Nostalgic Art Mint Tin Box XL Bicycle Beautiful Ride Hard Candy 10cm,$19.95 ,$49.88 / 100G,/shop/productdetails/1073999246/nostalgic-art-mint-tin-box-xl-bicycle-beautiful-ride-hard-candy-10cm
1074051029,Nostalgic Art Mint Tin Box XL First Aid Kit Hard Candy White 10cm 2pk,$28.00 ,$14.00 / 1EA,/shop/productdetails/1074051029/nostalgic-art-mint-tin-box-xl-first-aid-kit-hard-candy-white-10cm-2pk
1073996027,Nutra Organics Beef Bone Broth Turmeric 125g,$31.50 ,$25.20 / 100G,/shop/productdetails/1073996027/nutra-organics-beef-bone-broth-turmeric-125g
1073996221,Nutra Organics Lunar Latte 100g,$22.95 ,$22.95 / 100G,/shop/productdetails/1073996221/nutra-organics-lunar-latte-100g
1074114292,Obento Mirin Seasoning 250ml X 4Pack,$20.99 ,$3.50 / 1EA,/shop/productdetails/1074114292/obento-mirin-seasoning-250ml-x-4pack
1073962770,Old Mule Black Bean Dynasty Fish Medium Spicy 240g x 3Pack,$26.99 ,$3.75 / 100G,/shop/productdetails/1073962770/old-mule-black-bean-dynasty-fish-medium-spicy-240g-x-3pack
1073962776,Old Mule Black Bean Dynasty Spicy Crispy Medium Spicy 240g x 3Pack,$24.99 ,$3.47 / 100G,/shop/productdetails/1073962776/old-mule-black-bean-dynasty-spicy-crispy-medium-spicy-240g-x-3pack
1073976539,Old Mule Master Super Hot Chili 240g X 3Pack,$25.99 ,$3.61 / 100G,/shop/productdetails/1073976539/old-mule-master-super-hot-chili-240g-x-3pack
1073961043,Old Style Licorice Showbag,$25.00 ,,/shop/productdetails/1073961043/old-style-licorice-showbag
1074324639,Organic Basil Cinnamon Garden Plant Seeds,$18.00 ,$18.00 / 1EA,/shop/productdetails/1074324639/organic-basil-cinnamon-garden-plant-seeds
1073783147,Organic Times Dark Chocolate Almonds 150g,$14.95 ,$9.97 / 100G,/shop/productdetails/1073783147/organic-times-dark-chocolate-almonds-150g
1073783138,Organic Times Dark Chocolate Macadamia Nuts 150g,$14.95 ,$9.97 / 100G,/shop/productdetails/1073783138/organic-times-dark-chocolate-macadamia-nuts-150g
1073911130,Organic Times Milk & White Chocolate Strawberries 100g X 2 Packs,$23.00 ,$11.50 / 100G,/shop/productdetails/1073911130/organic-times-milk-white-chocolate-strawberries-100g-x-2-packs
1073918676,Organitea My Anxiety Tea DAY 45g,$11.95 ,$26.56 / 100G,/shop/productdetails/1073918676/organitea-my-anxiety-tea-day-45g
1073962270,Orihiro Konjac Jelly 0cal Three flavors Kyoho & Green grape & Mango 432g,$19.49 ,$4.51 / 100G,/shop/productdetails/1073962270/orihiro-konjac-jelly-0cal-three-flavors-kyoho-green-grape-mango-432g
1074027136,Orihiro Konjac Jelly 0cals Jumbo Grape Flavor 130g&nbsp;X 2Pack,$12.99 ,$5.00 / 100G,/shop/productdetails/1074027136/orihiro-konjac-jelly-0cals-jumbo-grape-flavor-130g-nbsp-x-2pack
1074000740,Orihiro Konjac Pouch Peach&Mango&Grape Flavor 480g,$18.09 ,$3.77 / 100G,/shop/productdetails/1074000740/orihiro-konjac-pouch-peach-mango-grape-flavor-480g
1074089987,Orihiro Pouch Konjac Jelly Apple&Grape Flavor 12pieces 240g X 4Pack,$26.49 ,$5.30 / 1EA,/shop/productdetails/1074089987/orihiro-pouch-konjac-jelly-apple-grape-flavor-12pieces-240g-x-4pack
1074032763,Osem Bamba Peanut Snack 25g x 10,$34.49 ,$3.45 / 1EA,/shop/productdetails/1074032763/osem-bamba-peanut-snack-25g-x-10
1074032768,Osem Falafel Mix 180g x 4,$35.99 ,$9.00 / 1EA,/shop/productdetails/1074032768/osem-falafel-mix-180g-x-4
123364,Osha Hot Pot Glass Noodles 400g,$5.00 ,$1.25 / 100G,/shop/productdetails/123364/osha-hot-pot-glass-noodles
1073837535,Ozganics Pure Addiction Mayonnaise 440g,$10.19 ,$2.32 / 100G,/shop/productdetails/1073837535/ozganics-pure-addiction-mayonnaise-440g
1073896012,Pacific Harvest Irish Moss 120g,$26.95 ,$22.46 / 100G,/shop/productdetails/1073896012/pacific-harvest-irish-moss-120g
1073818931,Pacific Harvest Nori Flakes 15g,$10.55 ,$703.33 / 1KG,/shop/productdetails/1073818931/pacific-harvest-nori-flakes-15g
844693,Pandaroo Anchovy Fillet Dried 100g,$4.75 ,$4.75 / 100G,/shop/productdetails/844693/pandaroo-anchovy-fillet-dried
1073837660,Pbco Almond Meal Premium Australian 800g,$23.45 ,$23.45 / 1EA,/shop/productdetails/1073837660/pbco-almond-meal-premium-australian-800g
1074044210,Pepperidge Farm Goldfish Crackers Cheddar 3 Pack 1.6kg,$48.99 ,$3.06 / 100G,/shop/productdetails/1074044210/pepperidge-farm-goldfish-crackers-cheddar-3-pack-1-6kg
1073935598,Pickle & Spice Premium Certified Organic Coffee Beans 1kg,$40.50 ,$4.05 / 100G,/shop/productdetails/1073935598/pickle-spice-premium-certified-organic-coffee-beans-1kg
1073935596,Pickle & Spice Premium Certified Organic Coffee Beans 250g x 3 packs,$30.50 ,$4.07 / 100G,/shop/productdetails/1073935596/pickle-spice-premium-certified-organic-coffee-beans-250g-x-3-packs
1073935597,Pickle & Spice Premium Certified Organic Medium Ground Coffee 250g x 3 packs,$30.50 ,$4.07 / 100G,/shop/productdetails/1073935597/pickle-spice-premium-certified-organic-medium-ground-coffee-250g-x-3-packs
1073952999,Planet Organic Breastfeeding Support 25tea bags,$10.00 ,$0.40 / 1EA,/shop/productdetails/1073952999/planet-organic-breastfeeding-support-25tea-bags
1073945886,Planet Organic English Breakfast 25 Tea Bags x 3pack,$12.30 ,$16.40 / 100EA,/shop/productdetails/1073945886/planet-organic-english-breakfast-25-tea-bags-x-3pack
1073999462,Poetry Fine Foods Popcorn Bundle - 2 pack,$37.00 ,,/shop/productdetails/1073999462/poetry-fine-foods-popcorn-bundle-2-pack
1073780026,Power Super Foods Crunchy Inca Golden berries Certified Organic,$20.95 ,$0.70 / 1EA,/shop/productdetails/1073780026/power-super-foods-crunchy-inca-golden-berries-certified-organic
1073778138,Power Super Foods Natural Nori Flake Cert Organic 40g,$19.95 ,$266.00 / 1KG,/shop/productdetails/1073778138/power-super-foods-natural-nori-flake-cert-organic-40g
1073908296,Primo Caffe Caramel Coffee Capsules 50pc,$47.00 ,$0.94 / 1EA,/shop/productdetails/1073908296/primo-caffe-caramel-coffee-capsules-50pc
1073908322,Primo Caffe Certified Organic Coffee Beans 1KG,$36.00 ,$3.60 / 100G,/shop/productdetails/1073908322/primo-caffe-certified-organic-coffee-beans-1kg
1073908299,Primo Caffe Coffee Espresso Hermetic Capsules 2PK - 50pc,$44.00 ,$0.44 / 1EA,/shop/productdetails/1073908299/primo-caffe-coffee-espresso-hermetic-capsules-2pk-50pc
1073908194,Primo Caffe Coffee Ristretto Hermetic Capsules 2PK - 50pc,$44.00 ,$0.44 / 1EA,/shop/productdetails/1073908194/primo-caffe-coffee-ristretto-hermetic-capsules-2pk-50pc
1073908272,Primo Caffe Decaf Coffee Capsules 6x 10PK,$30.00 ,$0.50 / 1EA,/shop/productdetails/1073908272/primo-caffe-decaf-coffee-capsules-6x-10pk
1073908205,Primo Caffe Decafe Coffee Beans w/Process 1KG,$39.95 ,$4.00 / 100G,/shop/productdetails/1073908205/primo-caffe-decafe-coffee-beans-w-process-1kg
1073908321,Primo Caffe Espresso Classico Coffee Beans 1KG 2PK,$49.95 ,$24.98 / 1EA,/shop/productdetails/1073908321/primo-caffe-espresso-classico-coffee-beans-1kg-2pk
1073927523,Primo Caffe Espresso Numero Uno Coffee Beans 1KG,$32.00 ,$3.20 / 100G,/shop/productdetails/1073927523/primo-caffe-espresso-numero-uno-coffee-beans-1kg
1073908211,Primo Caffe Fair Trade Organic Coffee Beans 1KG,$43.00 ,$4.30 / 100G,/shop/productdetails/1073908211/primo-caffe-fair-trade-organic-coffee-beans-1kg
1073908277,Primo Caffe Forte Coffee Beans 1KG,$40.00 ,$4.00 / 100G,/shop/productdetails/1073908277/primo-caffe-forte-coffee-beans-1kg
1073908279,Primo Caffe Forte Coffee Capsules 6x 10PK,$30.00 ,$0.50 / 1EA,/shop/productdetails/1073908279/primo-caffe-forte-coffee-capsules-6x-10pk
1073908317,Primo Caffe Forte Ground Coffee 250g 2PK,$29.00 ,$14.50 / 1EA,/shop/productdetails/1073908317/primo-caffe-forte-ground-coffee-250g-2pk
1073927520,Primo Caffe Gluten Free Chocolate Capsules 25PK,$20.00 ,$0.80 / 1EA,/shop/productdetails/1073927520/primo-caffe-gluten-free-chocolate-capsules-25pk
1073908316,Primo Caffe Maestro Coffee Beans 1KG,$41.00 ,$4.10 / 100G,/shop/productdetails/1073908316/primo-caffe-maestro-coffee-beans-1kg
1073908319,Primo Caffe Maestro Ground Coffee 250g 2PK,$29.00 ,$14.50 / 1EA,/shop/productdetails/1073908319/primo-caffe-maestro-ground-coffee-250g-2pk
1073908290,Primo Caffe Organic Coffee Capsules 6x 10PK,$37.00 ,$0.62 / 1EA,/shop/productdetails/1073908290/primo-caffe-organic-coffee-capsules-6x-10pk
1073927443,Primo Caffe Original Cioccolatte Powder 2PK 1KG,$28.00 ,$2.80 / 100G,/shop/productdetails/1073927443/primo-caffe-original-cioccolatte-powder-2pk-1kg
1074051231,Primo Caffe Roma Italiano Intense Coffee Capsules 640g 120pc,$39.00 ,$32.50 / 100EA,/shop/productdetails/1074051231/primo-caffe-roma-italiano-intense-coffee-capsules-640g-120pc
1073927513,Primo Chai Spice Powder 1KG,$35.00 ,$3.50 / 100G,/shop/productdetails/1073927513/primo-chai-spice-powder-1kg
1073959572,Pukka Herbs After Dinner Tea Bags 2x20packs,$17.90 ,$0.45 / 1EA,/shop/productdetails/1073959572/pukka-herbs-after-dinner-tea-bags-2x20packs
1073911054,Purely Gourmet Breakfast in Bed Gourmet Box,$58.50 ,,/shop/productdetails/1073911054/purely-gourmet-breakfast-in-bed-gourmet-box
1073911078,Purely Gourmet Mini Australian Gourmet Snack Hamper,$50.00 ,,/shop/productdetails/1073911078/purely-gourmet-mini-australian-gourmet-snack-hamper
1073911058,Purely Gourmet Mini Snacks Hamper,$39.50 ,,/shop/productdetails/1073911058/purely-gourmet-mini-snacks-hamper
65857,Qiushi Hot Pot Egg Noodle 300g,$3.00 ,$1.00 / 100G,/shop/productdetails/65857/qiushi-hot-pot-egg-noodle
1074025898,Rivsalt Premium Salt Rocks Selection Large 240g 3pc,$37.00 ,$37.00 / 1EA,/shop/productdetails/1074025898/rivsalt-premium-salt-rocks-selection-large-240g-3pc
1074044403,Royal Family Fruit Jelly Passion Fruit Flavour 8pcs 160g X 4Pack,$19.99 ,$5.00 / 1EA,/shop/productdetails/1074044403/royal-family-fruit-jelly-passion-fruit-flavour-8pcs-160g-x-4pack
1074044404,Royal Family Yogurt Jelly Lychee & Mango Flavour 15pcs 300g X 3Pack,$20.99 ,$7.00 / 1EA,/shop/productdetails/1074044404/royal-family-yogurt-jelly-lychee-mango-flavour-15pcs-300g-x-3pack
1074114298,Ryukakusan Direct Stick for Sore Throat 16 Sticks X 4Pack,$49.99 ,$12.50 / 1EA,/shop/productdetails/1074114298/ryukakusan-direct-stick-for-sore-throat-16-sticks-x-4pack
1074114485,S&B Curry Sauce with Vegetables Spicy Flavour 210g X 4Pack,$20.09 ,$4.02 / 1EA,/shop/productdetails/1074114485/s-b-curry-sauce-with-vegetables-spicy-flavour-210g-x-4pack
1074090008,S&B Golden Curry Extra Hot 220g X 4Pack,$28.99 ,$5.80 / 1EA,/shop/productdetails/1074090008/s-b-golden-curry-extra-hot-220g-x-4pack
1074090012,S&B Golden Curry Mix Hot 92g X 4Pack,$27.59 ,$5.52 / 1EA,/shop/productdetails/1074090012/s-b-golden-curry-mix-hot-92g-x-4pack
1074212683,SNAXX Keto Vanilla Cupcake 2 Pack - Bundle x 3,$22.95 ,$7.65 / 1EA,/shop/productdetails/1074212683/snaxx-keto-vanilla-cupcake-2-pack-bundle-x-3
1074048663,Salter Silver Megastone Pizza Pan,$29.95 ,,/shop/productdetails/1074048663/salter-silver-megastone-pizza-pan
1073911134,Seriously Rich Thick European Hot Chocolate 250g x 6 Packs,$40.00 ,$1.33 / 100G,/shop/productdetails/1073911134/seriously-rich-thick-european-hot-chocolate-250g-x-6-packs
1074032797,Skippy Peanut Butter Extra Crunchy Super Chunk 1.81kg x 2,$48.99 ,$24.50 / 1EA,/shop/productdetails/1074032797/skippy-peanut-butter-extra-crunchy-super-chunk-1-81kg-x-2
1073867914,Spector Bread Maker Machine Non Stick Mixer Paddle Kneading Blade Home Kitchen Baker Bakery,$159.00 ,,/shop/productdetails/1073867914/spector-bread-maker-machine-non-stick-mixer-paddle-kneading-blade-home-kitchen-baker-bakery
1073950465,Spiral Foods Organic Borlotti Beans 6 x 400g,$14.95 ,$0.62 / 100G,/shop/productdetails/1073950465/spiral-foods-organic-borlotti-beans-6-x-400g
1074081808,Spiral Foods Organic Cannellini Beans 6 x 400g,$14.95 ,$0.62 / 100G,/shop/productdetails/1074081808/spiral-foods-organic-cannellini-beans-6-x-400g
1073924009,Spiral Foods Organic Chickpeas 400g x 6pack,$14.95 ,$0.62 / 100G,/shop/productdetails/1073924009/spiral-foods-organic-chickpeas-400g-x-6pack
1073908079,Spiral Foods Organic Hatcho Miso 300g,$12.99 ,$4.33 / 100G,/shop/productdetails/1073908079/spiral-foods-organic-hatcho-miso-300g
1074052562,Stitch Coffee Black Field Shinkai Steeped Coffee Bags 10pk - Premium Specialty Coffee,$16.00 ,$1.60 / 1EA,/shop/productdetails/1074052562/stitch-coffee-black-field-shinkai-steeped-coffee-bags-10pk-premium-specialty-coffee
1074052557,Stitch Coffee Dark Field Blend 1K - Premium Specialty Coffee,$60.00 ,$6.00 / 100G,/shop/productdetails/1074052557/stitch-coffee-dark-field-blend-1k-premium-specialty-coffee
1074052556,Stitch Coffee Dark Field Blend 250g - Premium Specialty Coffee,$20.00 ,$8.00 / 100G,/shop/productdetails/1074052556/stitch-coffee-dark-field-blend-250g-premium-specialty-coffee
1074052578,"Stitch Coffee Decaf - Colombia, Popayan 250g - Premium Specialty Coffee",$20.00 ,$8.00 / 100G,/shop/productdetails/1074052578/stitch-coffee-decaf-colombia-popayan-250g-premium-specialty-coffee
1074052561,Stitch Coffee Ethiopia Shinkai Steeped Coffee Bags 10pk - Premium Specialty Coffee,$16.00 ,$1.60 / 1EA,/shop/productdetails/1074052561/stitch-coffee-ethiopia-shinkai-steeped-coffee-bags-10pk-premium-specialty-coffee
1074052563,Stitch Coffee Ethiopian Mixed Drip Bags 10pk - Premium Specialty Coffee,$23.00 ,$2.30 / 1EA,/shop/productdetails/1074052563/stitch-coffee-ethiopian-mixed-drip-bags-10pk-premium-specialty-coffee
1074052553,Stitch Coffee Higgs Field Blend 250g - Premium Specialty Coffee,$20.00 ,$8.00 / 100G,/shop/productdetails/1074052553/stitch-coffee-higgs-field-blend-250g-premium-specialty-coffee
1074052555,Stitch Coffee Hobnob Blend 1k - Premium Specialty Coffee,$60.00 ,$6.00 / 100G,/shop/productdetails/1074052555/stitch-coffee-hobnob-blend-1k-premium-specialty-coffee
1074052551,Stitch Coffee Hobnob Blend 250g - Premium Specialty Coffee,$20.00 ,$8.00 / 100G,/shop/productdetails/1074052551/stitch-coffee-hobnob-blend-250g-premium-specialty-coffee
1074317051,Stitch Coffee Iced Oat Milk Latte Can 4 pack,$22.00 ,$22.92 / 1L,/shop/productdetails/1074317051/stitch-coffee-iced-oat-milk-latte-can-4-pack
1074052569,Stitch Coffee Signature Blend Pods 10pk - Premium Specialty Coffee - HOME Compostable,$11.00 ,$11.00 / 1EA,/shop/productdetails/1074052569/stitch-coffee-signature-blend-pods-10pk-premium-specialty-coffee-home-compostable
123458,Sugar Honey Instant Black Pearls 200g,$5.00 ,$2.50 / 100G,/shop/productdetails/123458/sugar-honey-instant-black-pearls
233239,Sugar Honey Pineapple Cake 238g,$6.50 ,$2.73 / 100G,/shop/productdetails/233239/sugar-honey-pineapple-cake
1073983141,Surasang Traditional Roll Cookie Biscuit Black Sesame Flavour 365g X 4Pack,$40.99 ,$2.81 / 100G,/shop/productdetails/1073983141/surasang-traditional-roll-cookie-biscuit-black-sesame-flavour-365g-x-4pack
1074046479,TRUFF White Truffle Infused Hot Sauce Gluten Free 170g,$58.95 ,$34.68 / 100G,/shop/productdetails/1074046479/truff-white-truffle-infused-hot-sauce-gluten-free-170g
1074105411,Tao Kae Noi Big Bang Spicy Grilled Squid Flavour 54g X 4Pack,$35.99 ,$7.20 / 1EA,/shop/productdetails/1074105411/tao-kae-noi-big-bang-spicy-grilled-squid-flavour-54g-x-4pack
1074105419,Tao Kae Noi Crispy Seaweed Seafood Flavour 32g X 4Pack,$25.99 ,$5.20 / 1EA,/shop/productdetails/1074105419/tao-kae-noi-crispy-seaweed-seafood-flavour-32g-x-4pack
1074192930,Tea Infuser - Tube,$10.50 ,$10.50 / 1EA,/shop/productdetails/1074192930/tea-infuser-tube
1074032665,Telma Kneidl Matzo Ball Mix 84g x 3,$34.49 ,,/shop/productdetails/1074032665/telma-kneidl-matzo-ball-mix-84g-x-3
1074032662,Telma Potato Pancake Mix 170g x 3,$35.99 ,$12.00 / 1EA,/shop/productdetails/1074032662/telma-potato-pancake-mix-170g-x-3
1073961513,The Cocoa Emporium Caramelised Cashew Brittle 140g,$12.95 ,"$1,295.00 / 100G",/shop/productdetails/1073961513/the-cocoa-emporium-caramelised-cashew-brittle-140g
1073961504,The Cocoa Emporium Milk Chocolate Roasted Almonds 180g,$12.95 ,"$1,295.00 / 100G",/shop/productdetails/1073961504/the-cocoa-emporium-milk-chocolate-roasted-almonds-180g
1073953169,The Ginger People Uncrystallised Bare Ginger 2 x 200g,$11.90 ,$2.98 / 100G,/shop/productdetails/1073953169/the-ginger-people-uncrystallised-bare-ginger-2-x-200g
1073961241,The Hamper Emporium Foodies Hamper,$99.00 ,,/shop/productdetails/1073961241/the-hamper-emporium-foodies-hamper
1073961289,The Hamper Emporium Gourmet Nibbles Hamper,$79.00 ,,/shop/productdetails/1073961289/the-hamper-emporium-gourmet-nibbles-hamper
1073961287,The Hamper Emporium Sweet Bites Hamper,$79.00 ,,/shop/productdetails/1073961287/the-hamper-emporium-sweet-bites-hamper
1073961250,The Hamper Emporium The Sweet Epicure Hamper,$149.00 ,,/shop/productdetails/1073961250/the-hamper-emporium-the-sweet-epicure-hamper
1073961291,The Hamper Emporium The Ultimate Foodies Hamper,$179.00 ,,/shop/productdetails/1073961291/the-hamper-emporium-the-ultimate-foodies-hamper
1074322140,The Healthy Llama Organic Chocolate with Camu Camu 5 Pack 210g,$30.00 ,$14.29 / 100G,/shop/productdetails/1074322140/the-healthy-llama-organic-chocolate-with-camu-camu-5-pack-210g
1074322908,The Healthy Llama Organic Chocolate with Coffee Lucuma 5 Pack 210g,$30.00 ,$14.29 / 100G,/shop/productdetails/1074322908/the-healthy-llama-organic-chocolate-with-coffee-lucuma-5-pack-210g
1074322907,The Healthy Llama Organic Chocolate with Lucuma 5 Pack 210g,$30.00 ,$14.29 / 100G,/shop/productdetails/1074322907/the-healthy-llama-organic-chocolate-with-lucuma-5-pack-210g
1074322139,The Healthy Llama Organic Chocolate with Lucuma Mixed 5 Pack 210g,$27.00 ,$12.86 / 100G,/shop/productdetails/1074322139/the-healthy-llama-organic-chocolate-with-lucuma-mixed-5-pack-210g
1074322902,The Healthy Llama Organic Chocolate with Maca 5 Pack 210g,$30.00 ,$14.29 / 100G,/shop/productdetails/1074322902/the-healthy-llama-organic-chocolate-with-maca-5-pack-210g
1073834482,The Monday Food Co Keto Granola Peanut Butter Chocolate Chip 300g,$18.95 ,$18.95 / 1EA,/shop/productdetails/1073834482/the-monday-food-co-keto-granola-peanut-butter-chocolate-chip-300g
1073837571,The Monday Food Co Keto Granola Sweet Crunchy Macadamia Clusters 300g,$18.95 ,$18.95 / 1EA,/shop/productdetails/1073837571/the-monday-food-co-keto-granola-sweet-crunchy-macadamia-clusters-300g
1073979635,The Organic Tea Project Chai Dust 3 Pack,$15.00 ,$5.00 / 1EA,/shop/productdetails/1073979635/the-organic-tea-project-chai-dust-3-pack
1073944487,Three Chefs Veggie Crackers Falafel 45g 2pack,$10.00 ,$11.11 / 100G,/shop/productdetails/1073944487/three-chefs-veggie-crackers-falafel-45g-2pack
1074159348,Three Little Pigs Touch of Cherry BBQ Rub  12.25oz (354g) Shaker Jar - Made in USA - OW85131,$35.65 ,,/shop/productdetails/1074159348/three-little-pigs-touch-of-cherry-bbq-rub-12-25oz-354g-shaker-jar-made-in-usa-ow85131
1073995893,Tiny Tea Lias Lovely Lemonade Tea 42g,$13.25 ,$31.55 / 100G,/shop/productdetails/1073995893/tiny-tea-lias-lovely-lemonade-tea-42g
1074044213,Tropical Fields Dried Longan 397g,$29.99 ,$75.54 / 1KG,/shop/productdetails/1074044213/tropical-fields-dried-longan-397g
1074252154,Trumps Beans Black Turtle 1Kg,$80.29 ,$8.03 / 100G,/shop/productdetails/1074252154/trumps-beans-black-turtle-1kg
1074252213,Trumps Beans Great Northern (Cannelini) 1Kg,$35.48 ,,/shop/productdetails/1074252213/trumps-beans-great-northern-cannelini-1kg
1074252166,Trumps Citric Acid 1Kg,$45.69 ,,/shop/productdetails/1074252166/trumps-citric-acid-1kg
1074252201,Trumps Mango Dried Spears 1Kg,$46.04 ,,/shop/productdetails/1074252201/trumps-mango-dried-spears-1kg
1073958706,Tweed Real Food - Avo Smash Gourmet Gift Hamper,$57.95 ,$57.95 / 1EA,/shop/productdetails/1073958706/tweed-real-food-avo-smash-gourmet-gift-hamper
1073958711,Tweed Real Food - Cook Together Gift Hamper,$185.95 ,$185.95 / 1EA,/shop/productdetails/1073958711/tweed-real-food-cook-together-gift-hamper
1073958717,Tweed Real Food Chicken and Chips Salt 180g,$30.95 ,$17.19 / 100G,/shop/productdetails/1073958717/tweed-real-food-chicken-and-chips-salt-180g
1073958709,Tweed Real Food Honey Garlic Splash Balsamic Vinegar 250ml,$20.95 ,$8.38 / 100ML,/shop/productdetails/1073958709/tweed-real-food-honey-garlic-splash-balsamic-vinegar-250ml
1073958718,Tweed Real Food Lime and Pepper Grinder Salt 210g,$30.95 ,$14.74 / 100G,/shop/productdetails/1073958718/tweed-real-food-lime-and-pepper-grinder-salt-210g
1073958720,Tweed Real Food Smokey Cue Rub 180g,$30.95 ,$17.19 / 100G,/shop/productdetails/1073958720/tweed-real-food-smokey-cue-rub-180g
1073958719,Tweed Real Food Wild Porcini Salt 180g,$30.95 ,$17.19 / 100G,/shop/productdetails/1073958719/tweed-real-food-wild-porcini-salt-180g
1073961496,Uncle Charlie's Popcorn - Bush Tomato & River Mint 100g,$14.95 ,,/shop/productdetails/1073961496/uncle-charlie-s-popcorn-bush-tomato-river-mint-100g
1073962574,Uncle Lee Beef Jerky 100g x 2Pack,$28.59 ,$14.30 / 100G,/shop/productdetails/1073962574/uncle-lee-beef-jerky-100g-x-2pack
1073842916,Undivided Food Co Good Oil Asian Dressing 250ml,$13.50 ,$5.40 / 100ML,/shop/productdetails/1073842916/undivided-food-co-good-oil-asian-dressing-250ml
1073842915,Undivided Food Co Good Oil Mediterranean Dressing 250ml,$13.50 ,$5.40 / 100ML,/shop/productdetails/1073842915/undivided-food-co-good-oil-mediterranean-dressing-250ml
310664,Vittoria Coffee Oro Capsules 20 Pack,$13.00 ,$0.65 / 1EA,/shop/productdetails/310664/vittoria-coffee-oro-capsules
1074031766,Want Want Snow Cake 150g&nbsp; X 3Pack,$21.49 ,$7.16 / 1EA,/shop/productdetails/1074031766/want-want-snow-cake-150g-nbsp-x-3pack
1073999463,Willow Vale Gourmet Food Co Dukkah Bundle - 3 pack,$45.85 ,,/shop/productdetails/1073999463/willow-vale-gourmet-food-co-dukkah-bundle-3-pack
1074025882,Worth Macadamia Dark Chocolate/Coconut & Cherry Bar 12pc 40g,$43.00 ,,/shop/productdetails/1074025882/worth-macadamia-dark-chocolate-coconut-cherry-bar-12pc-40g
1074025891,Worth Macadamia Honey & Pink Salt Bar Snack 12pc 40g,$43.00 ,,/shop/productdetails/1074025891/worth-macadamia-honey-pink-salt-bar-snack-12pc-40g
1074025754,Worth Organic Oat Slice w/ Cinnamon/Macadamias/Raisin/Apple 12pc 70g,$47.00 ,,/shop/productdetails/1074025754/worth-organic-oat-slice-w-cinnamon-macadamias-raisin-apple-12pc-70g
1074025761,Worth Organic Oat Slice w/White Chocolate/Macadamias & Blueberries 12pc 70g,$47.00 ,,/shop/productdetails/1074025761/worth-organic-oat-slice-w-white-chocolate-macadamias-blueberries-12pc-70g
1073976457,WuMingXiaoZu Crispy Crust Chips Original Flavor 210g X 3Pack,$16.99 ,$5.66 / 1EA,/shop/productdetails/1073976457/wumingxiaozu-crispy-crust-chips-original-flavor-210g-x-3pack
1074034746,Zhenshan Cloud Cake 188g X 4Pack,$20.99 ,$5.25 / 1EA,/shop/productdetails/1074034746/zhenshan-cloud-cake-188g-x-4pack
1074041769,Zoosh Mayonnaise Gluten Free (Fat Free) 2.65Kg,$28.28 ,$1.07 / 100G,/shop/productdetails/1074041769/zoosh-mayonnaise-gluten-free-fat-free-2-65kg
1074114312,AGF Blendy Concentrated Coffee Sweetness 8pieces 144g X 5Pack,$33.99 ,$6.80 / 1EA,/shop/productdetails/1074114312/agf-blendy-concentrated-coffee-sweetness-8pieces-144g-x-5pack
1074032783,Achva Gourmet Halva with Honey & Almonds 200g x 4,$38.99 ,$9.75 / 1EA,/shop/productdetails/1074032783/achva-gourmet-halva-with-honey-almonds-200g-x-4
1074032782,Achva Gourmet Halva with Pistachio 200g x 4,$44.99 ,$11.25 / 1EA,/shop/productdetails/1074032782/achva-gourmet-halva-with-pistachio-200g-x-4
1074032831,Achva Halva Mini Giftpack 300g x 2,$37.49 ,$18.75 / 1EA,/shop/productdetails/1074032831/achva-halva-mini-giftpack-300g-x-2
1074032832,Achva Halva Mini Snacks 216g x 3,$38.99 ,$13.00 / 1EA,/shop/productdetails/1074032832/achva-halva-mini-snacks-216g-x-3
1074032845,Achva Pistachio Halva 454g x 2,$40.49 ,$20.25 / 1EA,/shop/productdetails/1074032845/achva-pistachio-halva-454g-x-2
1074032881,Achva Sugar Free Vanilla Sesame Halva Giftbox 275g x 2,$40.49 ,$20.25 / 1EA,/shop/productdetails/1074032881/achva-sugar-free-vanilla-sesame-halva-giftbox-275g-x-2
1074032828,Achva Vanilla Sesame Halva 454g x 2,$37.49 ,$18.75 / 1EA,/shop/productdetails/1074032828/achva-vanilla-sesame-halva-454g-x-2
1074034721,Ahoy Nuts American Raisin 250 X 3Pack,$21.99 ,$7.33 / 1EA,/shop/productdetails/1074034721/ahoy-nuts-american-raisin-250-x-3pack
1074034728,Ahoy Nuts Hazelnut Raw 200g X 2Pack,$20.99 ,$10.50 / 1EA,/shop/productdetails/1074034728/ahoy-nuts-hazelnut-raw-200g-x-2pack
1074034727,Ahoy Nuts Pecan Nut 200g X 4Pack,$41.99 ,$10.50 / 1EA,/shop/productdetails/1074034727/ahoy-nuts-pecan-nut-200g-x-4pack
1074034724,Ahoy Nuts Roasted Pistachio Nuts 200g X 3Pack,$58.99 ,$19.66 / 1EA,/shop/productdetails/1074034724/ahoy-nuts-roasted-pistachio-nuts-200g-x-3pack
1074032668,Alpha Chocolate Creams Gift Box 250g x 2,$44.79 ,$22.40 / 1EA,/shop/productdetails/1074032668/alpha-chocolate-creams-gift-box-250g-x-2
1074032791,Alpha Chocolate Creams Mixed Flavours Bag Approx 20 Pieces 300g,$28.04 ,$9.35 / 100G,/shop/productdetails/1074032791/alpha-chocolate-creams-mixed-flavours-bag-approx-20-pieces-300g
1074032657,Alpha Chocolate Dinner Mints Gift Box 250g x 2,$44.99 ,$22.50 / 1EA,/shop/productdetails/1074032657/alpha-chocolate-dinner-mints-gift-box-250g-x-2
1074032671,Alpha Dark Compound Cooking Chocolate 375g x 2,$29.99 ,$15.00 / 1EA,/shop/productdetails/1074032671/alpha-dark-compound-cooking-chocolate-375g-x-2
1073945711,Artisanale Chocolate - Hamper - Key to My Heart - Luxury,$69.00 ,,/shop/productdetails/1073945711/artisanale-chocolate-hamper-key-to-my-heart-luxury
1073945707,Artisanale Chocolate - Hamper - Ultimate Favourites Box,$119.00 ,,/shop/productdetails/1073945707/artisanale-chocolate-hamper-ultimate-favourites-box
1074025773,Australian Bush Spices Orange Bush Curry 60g 2PK,$29.95 ,$14.98 / 1EA,/shop/productdetails/1074025773/australian-bush-spices-orange-bush-curry-60g-2pk
1074025781,Australian Bush Spices Pink Sweet Dusting 60g 2PK,$29.95 ,$14.98 / 1EA,/shop/productdetails/1074025781/australian-bush-spices-pink-sweet-dusting-60g-2pk
1074025897,Australian Bush Spices Seasoning Gift Pack 4pc,$35.00 ,$35.00 / 1EA,/shop/productdetails/1074025897/australian-bush-spices-seasoning-gift-pack-4pc
1074025872,Australian Bush Spices Seasoning Pack 80g 6pc,$67.00 ,,/shop/productdetails/1074025872/australian-bush-spices-seasoning-pack-80g-6pc
1074025876,Australian Bush Spices Seasoning Pack 80g 8pc,$89.00 ,,/shop/productdetails/1074025876/australian-bush-spices-seasoning-pack-80g-8pc
1074025820,Australian Bush Spices White Meat Blend/Rub 60g 2PK,$29.95 ,$14.98 / 1EA,/shop/productdetails/1074025820/australian-bush-spices-white-meat-blend-rub-60g-2pk
1073960881,B&D Flower Tea cup tea Lychee black tea 2.8g*10 cups,$24.99 ,$89.25 / 100G,/shop/productdetails/1073960881/b-d-flower-tea-cup-tea-lychee-black-tea-2-8g-10-cups
1074324966,Beforeyouspeak Coffee Adrenal Decaf Blend Unsweetened  30serve,$59.46 ,$1.98 / 1EA,/shop/productdetails/1074324966/beforeyouspeak-coffee-adrenal-decaf-blend-unsweetened-30serve
1074324967,Beforeyouspeak Coffee Collagen Blend Unsweetened 30serve,$69.95 ,$2.33 / 1EA,/shop/productdetails/1074324967/beforeyouspeak-coffee-collagen-blend-unsweetened-30serve
1074031750,Bestore Hawthorn Slices 250g&nbsp; X 2Pack,$18.89 ,$9.45 / 1EA,/shop/productdetails/1074031750/bestore-hawthorn-slices-250g-nbsp-x-2pack
773021,Betty Crocker Irresistibles Dessert Mix Salted Caramel 250g,,,/shop/productdetails/773021/betty-crocker-irresistibles-dessert-mix-salted-caramel
1073999417,Blend Smoked Honey Bundle - 3 Pack,$60.85 ,,/shop/productdetails/1073999417/blend-smoked-honey-bundle-3-pack
1074032778,Bnei Darom Black Olive Rings 560g x 3,$32.99 ,$11.00 / 1EA,/shop/productdetails/1074032778/bnei-darom-black-olive-rings-560g-x-3
1074032688,Bnei Darom Eggplants In Brine 540g x 3,$26.99 ,$9.00 / 1EA,/shop/productdetails/1074032688/bnei-darom-eggplants-in-brine-540g-x-3
1074032776,Bnei Darom Green Olive Rings 560g x 3,$32.99 ,$11.00 / 1EA,/shop/productdetails/1074032776/bnei-darom-green-olive-rings-560g-x-3
1074032775,Bnei Darom Pitted Black Olives 560g x 3,$32.99 ,$11.00 / 1EA,/shop/productdetails/1074032775/bnei-darom-pitted-black-olives-560g-x-3
1074001223,Bodhi Organic Tea - Longevitea Antioxidant 70 gm Loose Leaf x 2 packs,$26.20 ,$37.43 / 100G,/shop/productdetails/1074001223/bodhi-organic-tea-longevitea-antioxidant-70-gm-loose-leaf-x-2-packs
1074001207,Bodhi Organic Tea - Posivitea Mood 70 gm Loose Leaf x 2 packs,$26.20 ,$37.43 / 100G,/shop/productdetails/1074001207/bodhi-organic-tea-posivitea-mood-70-gm-loose-leaf-x-2-packs
1074001220,Bodhi Organic Tea - Puritea Detoxing 40 gm Loose Leaf x 2 packs,$26.20 ,$65.50 / 100G,/shop/productdetails/1074001220/bodhi-organic-tea-puritea-detoxing-40-gm-loose-leaf-x-2-packs
1074001215,Bodhi Organic Tea - Serenitea Calming 40 gm Loose Leaf x 2 packs,$26.20 ,$65.50 / 100G,/shop/productdetails/1074001215/bodhi-organic-tea-serenitea-calming-40-gm-loose-leaf-x-2-packs
1074001189,Bodhi Organic Tea - Viriditea Protective 60 gm Loose Leaf x 2 packs,$26.20 ,$43.67 / 100G,/shop/productdetails/1074001189/bodhi-organic-tea-viriditea-protective-60-gm-loose-leaf-x-2-packs
1074001225,Bodhi Organic Tea - Vitalitea Revitalising 40 gm Loose Leaf x 2 packs,$26.20 ,,/shop/productdetails/1074001225/bodhi-organic-tea-vitalitea-revitalising-40-gm-loose-leaf-x-2-packs
1074032805,Brookfarm Supergrains Granola Cranberries & Tart Cherries 1.3kg,$41.99 ,$3.23 / 100G,/shop/productdetails/1074032805/brookfarm-supergrains-granola-cranberries-tart-cherries-1-3kg
1074005554,Byron Bay Gifts Gluten Free Gift Hamper (GF),$109.00 ,,/shop/productdetails/1074005554/byron-bay-gifts-gluten-free-gift-hamper-gf-
1074005583,Byron Bay Gifts Organic Food Gift Hamper,$109.00 ,,/shop/productdetails/1074005583/byron-bay-gifts-organic-food-gift-hamper
1074005574,Byron Bay Gifts Seasonal Christmas Surprise,$109.00 ,,/shop/productdetails/1074005574/byron-bay-gifts-seasonal-christmas-surprise
1074005519,Byron Bay Gifts Tea & Coffee Gifts,$109.00 ,,/shop/productdetails/1074005519/byron-bay-gifts-tea-coffee-gifts
1074005563,Byron Bay Gifts Ultimate Foodies Gift Hamper,$199.00 ,,/shop/productdetails/1074005563/byron-bay-gifts-ultimate-foodies-gift-hamper
1074362371,Callebaut Bittersweet Callet 54.5% 1kg,$35.39 ,$3.54 / 100G,/shop/productdetails/1074362371/callebaut-bittersweet-callet-54-5-1kg
1074367308,Callebaut Cal Milk Callet Callebaut Belgium 1kg,$37.00 ,$3.70 / 100G,/shop/productdetails/1074367308/callebaut-cal-milk-callet-callebaut-belgium-1kg
1074367307,Callebaut Milk Choc Callets 33.6% 400g,$15.55 ,$3.89 / 100G,/shop/productdetails/1074367307/callebaut-milk-choc-callets-33-6-400g
1074032822,Camille Bloch Ragusa Milk Chocolate 100g x 3,$32.99 ,,/shop/productdetails/1074032822/camille-bloch-ragusa-milk-chocolate-100g-x-3
1074048736,Camille Bloch Ragusa Milk Chocolate 400g,$44.79 ,$11.20 / 100G,/shop/productdetails/1074048736/camille-bloch-ragusa-milk-chocolate-400g
1074032748,Camille Bloch Torino Dark Chocolate 100g x 3,$37.49 ,$12.50 / 1EA,/shop/productdetails/1074032748/camille-bloch-torino-dark-chocolate-100g-x-3
1074032747,Camille Bloch Torino Milk Chocolate 100 x 3,$37.49 ,$12.50 / 1EA,/shop/productdetails/1074032747/camille-bloch-torino-milk-chocolate-100-x-3
1074032793,Camille Bloch Torino White Milk Chocolate 100g x 3,$37.49 ,$12.50 / 1EA,/shop/productdetails/1074032793/camille-bloch-torino-white-milk-chocolate-100g-x-3
1074252196,Casa De Mara Artichokes Hearts Marinated Quartered 1.9Kg,$69.99 ,,/shop/productdetails/1074252196/casa-de-mara-artichokes-hearts-marinated-quartered-1-9kg
1074038744,Caterers Choice All Spice 1Kg,$56.07 ,$5.61 / 100G,/shop/productdetails/1074038744/caterers-choice-all-spice-1kg
1074040966,Caterers Choice Cajun Spice 1Kg,$34.53 ,$3.45 / 100G,/shop/productdetails/1074040966/caterers-choice-cajun-spice-1kg
1074041654,Caterers Choice Currants Dried 1Kg,$25.11 ,$2.51 / 100G,/shop/productdetails/1074041654/caterers-choice-currants-dried-1kg
1074041637,Caterers Choice Dried Apples 500G,$34.40 ,$6.88 / 100G,/shop/productdetails/1074041637/caterers-choice-dried-apples-500g
1074041629,Caterers Choice Dried Turkish Apricots 1Kg,$153.35 ,$15.34 / 100G,/shop/productdetails/1074041629/caterers-choice-dried-turkish-apricots-1kg
1074041457,Caterers Choice Garlic Granules 1Kg,$26.12 ,$2.61 / 100G,/shop/productdetails/1074041457/caterers-choice-garlic-granules-1kg
1074038706,Caterers Choice Peanuts Blanched 1Kg,$23.33 ,$2.33 / 100G,/shop/productdetails/1074038706/caterers-choice-peanuts-blanched-1kg
1074252150,Caterers Choice Tomato Paste 3.1Kg,$52.06 ,,/shop/productdetails/1074252150/caterers-choice-tomato-paste-3-1kg
1074133488,Cavendish and Harvey Raspberry & Peach Drops 175g Tin Sweets Candy Lollies x 10,$55.00 ,$5.50 / 1EA,/shop/productdetails/1074133488/cavendish-and-harvey-raspberry-peach-drops-175g-tin-sweets-candy-lollies-x-10
1074045834,ChaCha Roasted Sunflower Seeds Sea Salt Flavor 160g X 4Pack,$19.99 ,$5.00 / 1EA,/shop/productdetails/1074045834/chacha-roasted-sunflower-seeds-sea-salt-flavor-160g-x-4pack
1074052905,Chocolate Works - Jersey Chew - 12 Pack - 120 grams,$60.00 ,$5.00 / 1EA,/shop/productdetails/1074052905/chocolate-works-jersey-chew-12-pack-120-grams
1074189171,Coastal Crunch Protein Crunch Granola Cacao Hazelnut & Chia 320g,$14.95 ,$4.67 / 100G,/shop/productdetails/1074189171/coastal-crunch-protein-crunch-granola-cacao-hazelnut-chia-320g
1074189170,Coastal Crunch Protein Crunch Granola Toasted Almond & Cinnamon 320g,$14.95 ,$4.67 / 100G,/shop/productdetails/1074189170/coastal-crunch-protein-crunch-granola-toasted-almond-cinnamon-320g
1074024183,Coffee Hero Colombia Supremo Tenza Valley whole beans 1kg,$57.99 ,$5.80 / 100G,/shop/productdetails/1074024183/coffee-hero-colombia-supremo-tenza-valley-whole-beans-1kg
1074024186,Coffee Hero Ethiopia Guji Grade whole beans 1kg,$57.99 ,$5.80 / 100G,/shop/productdetails/1074024186/coffee-hero-ethiopia-guji-grade-whole-beans-1kg
1074024185,Coffee Hero Ethiopia Guji Grade whole beans 500g,$32.99 ,$6.60 / 100G,/shop/productdetails/1074024185/coffee-hero-ethiopia-guji-grade-whole-beans-500g
1074024197,Coffee Hero Ethiopia Muda Tatesa whole beans 250g,$28.99 ,$11.55 / 100G,/shop/productdetails/1074024197/coffee-hero-ethiopia-muda-tatesa-whole-beans-250g
1074024195,Coffee Hero Guatemala Bella Vista whole beans 1kg,$57.99 ,$5.80 / 100G,/shop/productdetails/1074024195/coffee-hero-guatemala-bella-vista-whole-beans-1kg
1074024194,Coffee Hero Guatemala Bella Vista whole beans 500g,$29.99 ,$6.00 / 100G,/shop/productdetails/1074024194/coffee-hero-guatemala-bella-vista-whole-beans-500g
1074024200,Coffee Hero Peru Kontiki whole beans 1kg,$59.99 ,$6.00 / 100G,/shop/productdetails/1074024200/coffee-hero-peru-kontiki-whole-beans-1kg
1074024199,Coffee Hero Peru Kontiki whole beans 500g,$32.99 ,$6.60 / 100G,/shop/productdetails/1074024199/coffee-hero-peru-kontiki-whole-beans-500g
1074024177,Coffee Hero Sincity whole beans 1kg,$55.99 ,$5.60 / 100G,/shop/productdetails/1074024177/coffee-hero-sincity-whole-beans-1kg
1074024176,Coffee Hero Sincity whole beans 500g,$28.99 ,$5.80 / 100G,/shop/productdetails/1074024176/coffee-hero-sincity-whole-beans-500g
1074050973,Dubble Bubble Homerun Baseball Bubble Gum Jar 1.11kg 240pc,$45.00 ,$45.00 / 1EA,/shop/productdetails/1074050973/dubble-bubble-homerun-baseball-bubble-gum-jar-1-11kg-240pc
1074032749,Elite Instant Coffee 200g,$37.49 ,$18.75 / 100G,/shop/productdetails/1074032749/elite-instant-coffee-200g
1074032636,Eskal Dill Pickles 540g x 12,$76.99 ,$6.42 / 1EA,/shop/productdetails/1074032636/eskal-dill-pickles-540g-x-12
1074128497,Espressotoria System Maragogype Coffee Capsules - 12 Packs,$72.00 ,$6.00 / 1EA,/shop/productdetails/1074128497/espressotoria-system-maragogype-coffee-capsules-12-packs
1074128642,Espressotoria System Mountain Grown Coffee Capsules -12 Packs,$72.00 ,$6.00 / 1EA,/shop/productdetails/1074128642/espressotoria-system-mountain-grown-coffee-capsules-12-packs
1073918472,Fish4Ever Yellowfin Tuna Olive Oil 120g,$10.75 ,$89.58 / 1KG,/shop/productdetails/1073918472/fish4ever-yellowfin-tuna-olive-oil-120g
1074025772,Foda Organic Italian Penne Vegan Pasta Noodles 12pc 500g,$48.00 ,$4.00 / 1EA,/shop/productdetails/1074025772/foda-organic-italian-penne-vegan-pasta-noodles-12pc-500g
307623,Frisp Sliced Beetroot 500g,,,/shop/productdetails/307623/frisp-sliced-beetroot
1074133636,"GODIVA Chocolate Signature Dark Chocolate Mini Gourmet Chocolate Bars, Roasted Almond Flavour (12 Pack)",$85.00 ,$7.08 / 1EA,/shop/productdetails/1074133636/godiva-chocolate-signature-dark-chocolate-mini-gourmet-chocolate-bars-roasted-almond-flavour-12-pack-
1074001358,GODIVA Premium Bliss Chocolate Gift Hamper,$99.00 ,,/shop/productdetails/1074001358/godiva-premium-bliss-chocolate-gift-hamper
1074104180,"GODIVA Premium Mini Pink Grand Place Chocolate Gift Box, 12 Pieces, 12 Pieces | 104g",$59.90 ,$57.60 / 100G,/shop/productdetails/1074104180/godiva-premium-mini-pink-grand-place-chocolate-gift-box-12-pieces-12-pieces-104g
1074104181,"GODIVA Premium Mini Red Grand Place Chocolate Gift Box, 12 Pieces | 104g",$59.90 ,$57.60 / 100G,/shop/productdetails/1074104181/godiva-premium-mini-red-grand-place-chocolate-gift-box-12-pieces-104g
1074323109,Garniche79 Dehydrated Strawberry Petals - Drink and Cake Decoration 30g,$31.95 ,"$1,065.00 / 1KG",/shop/productdetails/1074323109/garniche79-dehydrated-strawberry-petals-drink-and-cake-decoration-30g
1074323110,Garniche79 Gold Dusted Coffee Beans - Drink and Bomboniere 50g,$23.95 ,$47.90 / 100G,/shop/productdetails/1074323110/garniche79-gold-dusted-coffee-beans-drink-and-bomboniere-50g
281038,Gerard Family Foods Agave Syrup 345g,,,/shop/productdetails/281038/gerard-family-foods-agave-syrup
1074001432,"Godiva Chocolate Domes, Crispy Hazelnut (3 Pack)",$27.00 ,,/shop/productdetails/1074001432/godiva-chocolate-domes-crispy-hazelnut-3-pack-
1073865601,Golden Wattle Lemon Linden Melody 100g,$21.45 ,$21.45 / 100G,/shop/productdetails/1073865601/golden-wattle-lemon-linden-melody-100g
1073865633,Golden Wattle Linden & Elderflower 50g,$15.00 ,$30.00 / 100G,/shop/productdetails/1073865633/golden-wattle-linden-elderflower-50g
1073865602,Golden Wattle Rosy Summer Garden 100g,$19.45 ,$19.45 / 100G,/shop/productdetails/1073865602/golden-wattle-rosy-summer-garden-100g
1073961522,Gourmet Grazing Entertaining Gift Hamper,$129.95 ,,/shop/productdetails/1073961522/gourmet-grazing-entertaining-gift-hamper
1074252162,Gravox Chicken Stock 2.5Kg,$96.21 ,,/shop/productdetails/1074252162/gravox-chicken-stock-2-5kg
1074025883,Grill Society BBQ Can Cooler Kit w/ Kickin Hot Sauce 2pc,$27.00 ,,/shop/productdetails/1074025883/grill-society-bbq-can-cooler-kit-w-kickin-hot-sauce-2pc
1074032752,Hadar Tirosh Sandwich Biscuits 175g x 5,$38.99 ,$7.80 / 1EA,/shop/productdetails/1074032752/hadar-tirosh-sandwich-biscuits-175g-x-5
1074046082,HaoHuanLuo Luo Si Fen Liuzhou Snail Rice Noodles Crayfish Flavor 320g*10Bags,$79.99 ,$8.00 / 1EA,/shop/productdetails/1074046082/haohuanluo-luo-si-fen-liuzhou-snail-rice-noodles-crayfish-flavor-320g-10bags
1073837678,Hemp Oz Hemp Seeds 225g,$16.95 ,$28.25 / 100ML,/shop/productdetails/1073837678/hemp-oz-hemp-seeds-225g
1073837680,Hemp Oz Soothing Tea - Immune (Daily Immune Support) 45G,$18.95 ,$42.11 / 100G,/shop/productdetails/1073837680/hemp-oz-soothing-tea-immune-daily-immune-support-45g
1073837682,Hemp Oz Soothing Tea - Sleep (Rest & Unwind) 45G,$18.95 ,$42.11 / 100G,/shop/productdetails/1073837682/hemp-oz-soothing-tea-sleep-rest-unwind-45g
1073807032,Hottea Mama Night Owl 15pack,$15.75 ,$1.05 / 1EA,/shop/productdetails/1073807032/hottea-mama-night-owl-15pack
1073897764,Hottea Mama Pregnancy Wellness Gift Set 1pack,$44.75 ,,/shop/productdetails/1073897764/hottea-mama-pregnancy-wellness-gift-set-1pack
1073897766,Hottea Mama Sleep Saviour Wellness Tea Set 1pack,$44.75 ,$44.75 / 1EA,/shop/productdetails/1073897766/hottea-mama-sleep-saviour-wellness-tea-set-1pack
1073974299,I Am Grounded Chocolate Crunch and Coffee Fruit Superfruit Clusters 120g,$12.00 ,$10.00 / 100G,/shop/productdetails/1073974299/i-am-grounded-chocolate-crunch-and-coffee-fruit-superfruit-clusters-120g
1074252190,ISM Pepper 2000 Sachets,$70.79 ,$3.54 / 100EA,/shop/productdetails/1074252190/ism-pepper-2000-sachets
1074032824,Imperial Delights Sweet & Savory Bar Snack Mix 709g,$37.49 ,$5.29 / 100G,/shop/productdetails/1074032824/imperial-delights-sweet-savory-bar-snack-mix-709g
1074032841,Imperial Nuts Sweet & Savory Bar Mix 113g x 5,$37.49 ,,/shop/productdetails/1074032841/imperial-nuts-sweet-savory-bar-mix-113g-x-5
1074189411,"Island Curries 6 Pack Gluten Free Curry Paste Satchels 50g each Achaari, Bengal, Chennai, Goan, Khorma, Madras",$22.50 ,$37.50 / 500G,/shop/productdetails/1074189411/island-curries-6-pack-gluten-free-curry-paste-satchels-50g-each-achaari-bengal-chennai-goan-khorma-madras
1074214968,Island Curries Achaari Gluten Free Curry Paste 1kg,$29.95 ,$3.00 / 100G,/shop/productdetails/1074214968/island-curries-achaari-gluten-free-curry-paste-1kg
1074214971,Island Curries Bengal Gluten Free Curry Paste 1kg,$29.95 ,$3.00 / 100G,/shop/productdetails/1074214971/island-curries-bengal-gluten-free-curry-paste-1kg
1074215948,Island Curries Curry Jars No.1 Achaari Curry 225g Bengal Curry 225g Gluten Free Curry Paste Duo,$25.90 ,$5.76 / 100G,/shop/productdetails/1074215948/island-curries-curry-jars-no-1-achaari-curry-225g-bengal-curry-225g-gluten-free-curry-paste-duo
1074215949,Island Curries Curry Jars No.5 Khorma Yellow Curry 225g Tandoori Curry 225g Gluten Free Curry Paste Duo,$25.90 ,$5.76 / 100G,/shop/productdetails/1074215949/island-curries-curry-jars-no-5-khorma-yellow-curry-225g-tandoori-curry-225g-gluten-free-curry-paste-duo
1074215958,Island Curries Curry Jars No.6 Massaman Curry 225g Rendang Curry 225g Gluten Free Curry Paste Duo,$25.90 ,$5.76 / 100G,/shop/productdetails/1074215958/island-curries-curry-jars-no-6-massaman-curry-225g-rendang-curry-225g-gluten-free-curry-paste-duo
1074214973,Island Curries Goan Gluten Free Curry Paste 1kg,$29.95 ,$3.00 / 100G,/shop/productdetails/1074214973/island-curries-goan-gluten-free-curry-paste-1kg
1074214974,Island Curries Korma Gluten Free Curry Paste 1kg,$29.95 ,$3.00 / 100G,/shop/productdetails/1074214974/island-curries-korma-gluten-free-curry-paste-1kg
1074214956,Island Curries Korma Yellow Gluten Free Curry Paste 1kg,$29.95 ,$3.00 / 100G,/shop/productdetails/1074214956/island-curries-korma-yellow-gluten-free-curry-paste-1kg
1074215940,Island Curries Madras Gluten Free Curry Paste 1kg,$29.95 ,$3.00 / 100G,/shop/productdetails/1074215940/island-curries-madras-gluten-free-curry-paste-1kg
1074214955,Island Curries Rendang Gluten Free Curry Paste 1kg,$29.95 ,$3.00 / 100G,/shop/productdetails/1074214955/island-curries-rendang-gluten-free-curry-paste-1kg
1074214967,Island Curries Smokey Korean Gluten Free Sauce 1kg,$29.95 ,$3.00 / 100G,/shop/productdetails/1074214967/island-curries-smokey-korean-gluten-free-sauce-1kg
1074214938,Island Curries Tandoori Gluten Free Curry Paste 1kg,$29.95 ,$3.00 / 100G,/shop/productdetails/1074214938/island-curries-tandoori-gluten-free-curry-paste-1kg
1074215961,Island Curries Tasmanian Curry Jars No.4 Khorma Paste 225g Madras Paste 225g Gluten Free Curry Paste Duo,$25.90 ,$5.76 / 100G,/shop/productdetails/1074215961/island-curries-tasmanian-curry-jars-no-4-khorma-paste-225g-madras-paste-225g-gluten-free-curry-paste-duo
1074215959,Island Curries Tasmanian Curry Jars No.8 Tikka Paste 225g Smokey Korean Sauce 225g Gluten Free Curry Paste Duo,$25.90 ,$5.76 / 100G,/shop/productdetails/1074215959/island-curries-tasmanian-curry-jars-no-8-tikka-paste-225g-smokey-korean-sauce-225g-gluten-free-curry-paste-duo
1074214934,Island Curries Tikka Gluten Free Curry Paste 1kg,$29.95 ,$3.00 / 100G,/shop/productdetails/1074214934/island-curries-tikka-gluten-free-curry-paste-1kg
1074214949,Island Curries Vindaloo Gluten Free Curry Paste 1kg,$29.95 ,$3.00 / 100G,/shop/productdetails/1074214949/island-curries-vindaloo-gluten-free-curry-paste-1kg
1074032794,Jane's Krazy Mixed Up Salt Original 269g x 2,$35.99 ,$18.00 / 1EA,/shop/productdetails/1074032794/jane-s-krazy-mixed-up-salt-original-269g-x-2
1074252182,Jila Mints Peppermint Office Pack 300pk,$210.43 ,$70.14 / 100EA,/shop/productdetails/1074252182/jila-mints-peppermint-office-pack-300pk
1073999592,JimJam Foods Cheese Platter Bundle - 4 pack,$41.00 ,$13.67 / 1EA,/shop/productdetails/1073999592/jimjam-foods-cheese-platter-bundle-4-pack
1073999423,JimJam Foods Grazing Bundle - 3 pack,$35.50 ,,/shop/productdetails/1073999423/jimjam-foods-grazing-bundle-3-pack
1073999559,JimJam Foods Paste Bundle - 2 pack,$24.00 ,$12.00 / 1EA,/shop/productdetails/1073999559/jimjam-foods-paste-bundle-2-pack
1074044180,JinJin Ice Pops Grape Flavour 8pcs 680ml X 3Pack,$19.99 ,$6.66 / 1EA,/shop/productdetails/1074044180/jinjin-ice-pops-grape-flavour-8pcs-680ml-x-3pack
1074001248,Jomeis Fine Foods Beetroot Latte Duo Pack - 240g,$24.95 ,$10.40 / 100G,/shop/productdetails/1074001248/jomeis-fine-foods-beetroot-latte-duo-pack-240g
1074297558,Jomeis Fine Foods Box of 5 Plant-Based Hoodles - Beef,$30.00 ,$6.00 / 1EA,/shop/productdetails/1074297558/jomeis-fine-foods-box-of-5-plant-based-hoodles-beef
1074297559,Jomeis Fine Foods Box of 5 Plant-Based Hoodles - Chicken,$30.00 ,$6.00 / 1EA,/shop/productdetails/1074297559/jomeis-fine-foods-box-of-5-plant-based-hoodles-chicken
1074052513,Jose Gourmet 12pk Ultimate Gift Box,$189.00 ,,/shop/productdetails/1074052513/jose-gourmet-12pk-ultimate-gift-box
1074049572,Jose Gourmet Mackerel Gift Box 4Pack,$59.00 ,,/shop/productdetails/1074049572/jose-gourmet-mackerel-gift-box-4pack
1074052511,Jose Gourmet Sardine & Mackerel Pate Gift Box,$49.00 ,,/shop/productdetails/1074052511/jose-gourmet-sardine-mackerel-pate-gift-box
1074052512,Jose Gourmet Specialty Gift Set,$64.95 ,,/shop/productdetails/1074052512/jose-gourmet-specialty-gift-set
1074425552,Kakadu Plum Co Australian Olive Oil Bundle,$31.92 ,$15.96 / 1EA,/shop/productdetails/1074425552/kakadu-plum-co-australian-olive-oil-bundle
1074425642,Kakadu Plum Co Cold Pressed Extra Virgin Olive Oil infused with Lemon Myrtle 250ml,$19.95 ,$7.98 / 100ML,/shop/productdetails/1074425642/kakadu-plum-co-cold-pressed-extra-virgin-olive-oil-infused-with-lemon-myrtle-250ml
1074425769,Kakadu Plum Co Cold Pressed Extra Virgin Olive Oil infused with Tasmanian Native Pepper 250ml,$19.95 ,$7.98 / 100ML,/shop/productdetails/1074425769/kakadu-plum-co-cold-pressed-extra-virgin-olive-oil-infused-with-tasmanian-native-pepper-250ml
1074047221,Kakawa Chocolates 7 Dark Chocolate Slab Hamper,$84.00 ,,/shop/productdetails/1074047221/kakawa-chocolates-7-dark-chocolate-slab-hamper
1074047222,Kakawa Chocolates 7 Milk Chocolate Slab Hamper,$87.00 ,,/shop/productdetails/1074047222/kakawa-chocolates-7-milk-chocolate-slab-hamper
1074032649,Kemach Honey Graham Crackers 408g x 2,$38.99 ,$19.50 / 1EA,/shop/productdetails/1074032649/kemach-honey-graham-crackers-408g-x-2
1074119496,Kido Melon&Cream Daifuku 8Pieces 200g X 4Pack,$32.99 ,$6.60 / 1EA,/shop/productdetails/1074119496/kido-melon-cream-daifuku-8pieces-200g-x-4pack
1074125673,King Island Pure Manuka MGO 829 Plus 250g,$200.00 ,$80.00 / 100G,/shop/productdetails/1074125673/king-island-pure-manuka-mgo-829-plus-250g
1074032760,Kinneret Farm Date Spread 400g x 3,$29.99 ,$10.00 / 1EA,/shop/productdetails/1074032760/kinneret-farm-date-spread-400g-x-3
1074032620,Kliyat Gat Date Spread 450g x 3,$32.99 ,$11.00 / 1EA,/shop/productdetails/1074032620/kliyat-gat-date-spread-450g-x-3
1074032619,Kliyat Gat Date Syrup 900G x 2,$41.99 ,$21.00 / 1EA,/shop/productdetails/1074032619/kliyat-gat-date-syrup-900g-x-2
1074043706,Knorr Paste Curry Mild 1Kg,$51.79 ,$5.18 / 100G,/shop/productdetails/1074043706/knorr-paste-curry-mild-1kg
1074252152,Knorr Pataks Korma Paste 1.05kg,$60.89 ,,/shop/productdetails/1074252152/knorr-pataks-korma-paste-1-05kg
1074252155,Knorr Tikka Masala Sauce 2.2L,$77.00 ,,/shop/productdetails/1074252155/knorr-tikka-masala-sauce-2-2l
1074252174,Krio Coating Kentucky Fried 10Kg,$135.26 ,,/shop/productdetails/1074252174/krio-coating-kentucky-fried-10kg
1074032628,Kvuzat Yavne Black Olives Sliced 540g x 3,$29.99 ,$10.00 / 1EA,/shop/productdetails/1074032628/kvuzat-yavne-black-olives-sliced-540g-x-3
1074032634,Kvuzat Yavne Cracked Spicy Olives 540g x 3,$29.99 ,$10.00 / 1EA,/shop/productdetails/1074032634/kvuzat-yavne-cracked-spicy-olives-540g-x-3
1074032675,Kvuzat Yavne Cucumbers Pickles In Vinegar 3Kg,$32.99 ,$11.00 / 1KG,/shop/productdetails/1074032675/kvuzat-yavne-cucumbers-pickles-in-vinegar-3kg
1074032624,Kvuzat Yavne Eggplants In Brine 540g x 3,$29.99 ,$10.00 / 1EA,/shop/productdetails/1074032624/kvuzat-yavne-eggplants-in-brine-540g-x-3
1074032633,Kvuzat Yavne Green Olives Pitted 540g x 3,$34.49 ,$11.50 / 1EA,/shop/productdetails/1074032633/kvuzat-yavne-green-olives-pitted-540g-x-3
1074032626,Kvuzat Yavne Kalamata Olives Marinated 540g x 3,$29.99 ,$10.00 / 1EA,/shop/productdetails/1074032626/kvuzat-yavne-kalamata-olives-marinated-540g-x-3
1074032625,Kvuzat Yavne Mixed Olives 540g x 3,$29.99 ,$10.00 / 1EA,/shop/productdetails/1074032625/kvuzat-yavne-mixed-olives-540g-x-3
1074032627,Kvuzat Yavne Pickled Cucumbers In Brine Mini 18-25 540g x 3,$40.49 ,$13.50 / 1EA,/shop/productdetails/1074032627/kvuzat-yavne-pickled-cucumbers-in-brine-mini-18-25-540g-x-3
1074032630,Kvuzat Yavne Pickled Cucumbers In Vinegar 540g x 3,$32.99 ,$11.00 / 1EA,/shop/productdetails/1074032630/kvuzat-yavne-pickled-cucumbers-in-vinegar-540g-x-3
1074032632,Kvuzat Yavne Pitted Black Olives 540g x 3,$34.49 ,$11.50 / 1EA,/shop/productdetails/1074032632/kvuzat-yavne-pitted-black-olives-540g-x-3
175835,L'or Espresso Advent Calendar 2021 - 24 Capsules Each,,,/shop/productdetails/175835/lor-espresso-advent-calendar-2021-24-capsules
1074160611,Lane's BBQ Don't Be A Chicken - 4 Rub Value Pack,$74.50 ,,/shop/productdetails/1074160611/lane-s-bbq-don-t-be-a-chicken-4-rub-value-pack
1074159908,Lanes BBQ Kapalua Rub 298g,$38.80 ,,/shop/productdetails/1074159908/lanes-bbq-kapalua-rub-298g
1074159906,Lanes BBQ Q-Nami 340g,$38.80 ,,/shop/productdetails/1074159906/lanes-bbq-q-nami-340g
1074159904,Lanes BBQ SPF53 340g,$38.80 ,,/shop/productdetails/1074159904/lanes-bbq-spf53-340g
1074159905,Lanes BBQ signature 340g,$38.80 ,,/shop/productdetails/1074159905/lanes-bbq-signature-340g
1074386600,Lavazza Espresso Qualita Rossa Nespresso Compatible Coffee Capsules 100 Pack (10 x 10 Pack),$44.95 ,$44.95 / 100EA,/shop/productdetails/1074386600/lavazza-espresso-qualita-rossa-nespresso-compatible-coffee-capsules-100-pack-10-x-10-pack-
309492,Lavazza Tales Of Italy Alluring Napoli Ground Coffee 250g,$8.40 ,$3.36 / 100G,/shop/productdetails/309492/lavazza-tales-of-italy-alluring-napoli-ground-coffee
309553,Lavazza Tales Of Italy Refined Milano Coffee Beans 500g,$15.00 ,$3.00 / 100G,/shop/productdetails/309553/lavazza-tales-of-italy-refined-milano-coffee-beans
1074032835,Liebers 100% Avocado Oil 500ml,$35.99 ,$7.20 / 100ML,/shop/productdetails/1074032835/liebers-100-avocado-oil-500ml
1074032757,Liebers Black Pepper 85g x 2,$25.49 ,$12.75 / 1EA,/shop/productdetails/1074032757/liebers-black-pepper-85g-x-2
1074032754,Liebers Cherry Pie Filling 595g x 2,$44.99 ,$22.50 / 1EA,/shop/productdetails/1074032754/liebers-cherry-pie-filling-595g-x-2
1074032758,Liebers Curry Powder 71g x 3,$28.49 ,$9.50 / 1EA,/shop/productdetails/1074032758/liebers-curry-powder-71g-x-3
1074032741,Liebers Dutch Cocoa 454g x 2,$55.99 ,$28.00 / 1EA,/shop/productdetails/1074032741/liebers-dutch-cocoa-454g-x-2
1074032755,Liebers Garlic Powder 79g x 4,$44.99 ,$11.25 / 1EA,/shop/productdetails/1074032755/liebers-garlic-powder-79g-x-4
1074046316,Liebers Pretzels 340g x 4,$41.99 ,$10.50 / 1EA,/shop/productdetails/1074046316/liebers-pretzels-340g-x-4
1074032761,Liebers Semi Sweet Real Chocolate Chips 255g x 4,$55.99 ,$14.00 / 1EA,/shop/productdetails/1074032761/liebers-semi-sweet-real-chocolate-chips-255g-x-4
1074052490,Lucas Pate 6pk Gift Box Set,$64.95 ,,/shop/productdetails/1074052490/lucas-pate-6pk-gift-box-set
1074027186,Luobawang Liuzhou Snail Flavour Rice Noodles 280g&nbsp;X 3Pack,$22.99 ,$2.74 / 100G,/shop/productdetails/1074027186/luobawang-liuzhou-snail-flavour-rice-noodles-280g-nbsp-x-3pack
1074362876,Maldon Grinder Pepper Mill 50g,$14.85 ,$27.00 / 100G,/shop/productdetails/1074362876/maldon-grinder-pepper-mill-50g
1074362875,Maldon Grinder Salt 55g,$14.30 ,$26.00 / 100G,/shop/productdetails/1074362875/maldon-grinder-salt-55g
1074128639,Marie Ange di Costa Flower Fairy Italian Butter Biscuits--The Hour Glass in Rose 140g,$15.00 ,,/shop/productdetails/1074128639/marie-ange-di-costa-flower-fairy-italian-butter-biscuits-the-hour-glass-in-rose-140g
1074114456,Marie Ange di Costa Flower Fairy Italian Chocolate Coated Candied Orange Peel 150g,$10.00 ,$6.67 / 100G,/shop/productdetails/1074114456/marie-ange-di-costa-flower-fairy-italian-chocolate-coated-candied-orange-peel-150g
1074114452,Marie Ange di Costa Italian Flower Fairy Chocolate Coated Candied Lemon Rind 150g,$10.00 ,$6.67 / 100G,/shop/productdetails/1074114452/marie-ange-di-costa-italian-flower-fairy-chocolate-coated-candied-lemon-rind-150g
1074114385,Marie Ange di Costa Italian Music Box Tin with Praline Chocolate-Octagonal in Scarlet 140g,$15.00 ,$10.00 / 100G,/shop/productdetails/1074114385/marie-ange-di-costa-italian-music-box-tin-with-praline-chocolate-octagonal-in-scarlet-140g
1073922941,Melbourne Cocoa - Deluxe Selection Box 250g,$19.95 ,"$1,995.00 / 100G",/shop/productdetails/1073922941/melbourne-cocoa-deluxe-selection-box-250g
1074211224,Melrose Bone Broth Bombs Chicken 4pack,$28.95 ,$7.24 / 1EA,/shop/productdetails/1074211224/melrose-bone-broth-bombs-chicken-4pack
1074042833,Mengku Rongshi Pu'er Tea 8g*20pcs 160g,$55.99 ,$2.80 / 8G,/shop/productdetails/1074042833/mengku-rongshi-pu-er-tea-8g-20pcs-160g
1074134281,Ministry of Chocolate Best of Dark Chocolate Bundle,$90.00 ,,/shop/productdetails/1074134281/ministry-of-chocolate-best-of-dark-chocolate-bundle
1074134280,Ministry of Chocolate Best of Milk Chocolate Bundle,$90.00 ,,/shop/productdetails/1074134280/ministry-of-chocolate-best-of-milk-chocolate-bundle
1074052800,Ministry of Chocolate Finest Chocolate Hamper,$100.00 ,,/shop/productdetails/1074052800/ministry-of-chocolate-finest-chocolate-hamper
1074002183,MirMir Organics Certified Organic Guduchi Tea Pyramid Tea Bags 40gm x 2 packs,$23.50 ,$58.75 / 100G,/shop/productdetails/1074002183/mirmir-organics-certified-organic-guduchi-tea-pyramid-tea-bags-40gm-x-2-packs
1074002167,MirMir Organics Certified Organic Ilam Black Tea Pyramid Tea Bags 40gm x 2 packs,$23.50 ,$58.75 / 100G,/shop/productdetails/1074002167/mirmir-organics-certified-organic-ilam-black-tea-pyramid-tea-bags-40gm-x-2-packs
1073963419,Miracle Noodle Green Curry 6 x 280g,$39.86 ,$2.37 / 100G,/shop/productdetails/1073963419/miracle-noodle-green-curry-6-x-280g
1074413874,Mudgeeraba Spices  Durban Express Curry Masala Medium (240g),$25.00 ,$1.04 / 10G,/shop/productdetails/1074413874/mudgeeraba-spices-durban-express-curry-masala-medium-240g-
1074413831,Mudgeeraba Spices Agra Lamb & Coconut Curry Masala Medium (240g),$25.00 ,$1.04 / 10G,/shop/productdetails/1074413831/mudgeeraba-spices-agra-lamb-coconut-curry-masala-medium-240g-
1074413829,Mudgeeraba Spices Beef Rendang Curry Masala Hot (240g),$25.00 ,$1.04 / 10G,/shop/productdetails/1074413829/mudgeeraba-spices-beef-rendang-curry-masala-hot-240g-
1074413828,Mudgeeraba Spices Beef Vindaloo Curry Masala Hot (240g),$25.00 ,$1.04 / 10G,/shop/productdetails/1074413828/mudgeeraba-spices-beef-vindaloo-curry-masala-hot-240g-
1074413608,Mudgeeraba Spices Bombaywalla Curry Masala Hot (240g),$25.00 ,$1.04 / 10G,/shop/productdetails/1074413608/mudgeeraba-spices-bombaywalla-curry-masala-hot-240g-
1074413830,Mudgeeraba Spices Butter Chicken Curry Masala Mild (240g),$25.00 ,$1.04 / 10G,/shop/productdetails/1074413830/mudgeeraba-spices-butter-chicken-curry-masala-mild-240g-
1074413827,Mudgeeraba Spices Chicken Biryani (Andhra Pradesh) Masala Medium (250g),$25.00 ,$1.04 / 10G,/shop/productdetails/1074413827/mudgeeraba-spices-chicken-biryani-andhra-pradesh-masala-medium-250g-
1074413825,Mudgeeraba Spices Chicken Tikka Masala Medium (240g),$25.00 ,$1.04 / 10G,/shop/productdetails/1074413825/mudgeeraba-spices-chicken-tikka-masala-medium-240g-
1074413826,Mudgeeraba Spices Chittagong Curry Masala Medium (250g),$25.00 ,$1.04 / 10G,/shop/productdetails/1074413826/mudgeeraba-spices-chittagong-curry-masala-medium-250g-
1074413824,Mudgeeraba Spices Goa Beef Curry Masala Medium (250g),$25.00 ,$1.04 / 10G,/shop/productdetails/1074413824/mudgeeraba-spices-goa-beef-curry-masala-medium-250g-
1074413823,Mudgeeraba Spices Goa Fish Curry Masala Hot (250g),$25.00 ,$1.04 / 10G,/shop/productdetails/1074413823/mudgeeraba-spices-goa-fish-curry-masala-hot-250g-
1074413822,Mudgeeraba Spices Goa Lamb Curry Masala Medium (250g),$25.00 ,$1.04 / 10G,/shop/productdetails/1074413822/mudgeeraba-spices-goa-lamb-curry-masala-medium-250g-
1074413821,Mudgeeraba Spices Kashmiri Chicken Almond & Raisin Korma Masala Medium (250g),$25.00 ,$1.04 / 10G,/shop/productdetails/1074413821/mudgeeraba-spices-kashmiri-chicken-almond-raisin-korma-masala-medium-250g-
1074413820,Mudgeeraba Spices Lamb & Cashew Korma Masala Mild (240g),$25.00 ,$1.04 / 10G,/shop/productdetails/1074413820/mudgeeraba-spices-lamb-cashew-korma-masala-mild-240g-
1074413819,Mudgeeraba Spices Lamb Korma Shiraz Masala Medium (250g),$25.00 ,$1.04 / 10G,/shop/productdetails/1074413819/mudgeeraba-spices-lamb-korma-shiraz-masala-medium-250g-
1074413818,Mudgeeraba Spices Madras Chicken Curry Masala Medium (250g),$25.00 ,$1.04 / 10G,/shop/productdetails/1074413818/mudgeeraba-spices-madras-chicken-curry-masala-medium-250g-
1074413814,Mudgeeraba Spices Madras Meat Curry Masala Medium (250g),$25.00 ,$1.04 / 10G,/shop/productdetails/1074413814/mudgeeraba-spices-madras-meat-curry-masala-medium-250g-
1074413816,Mudgeeraba Spices Malabar Lamb Biryani Masala Medium (250g),$25.00 ,$1.04 / 10G,/shop/productdetails/1074413816/mudgeeraba-spices-malabar-lamb-biryani-masala-medium-250g-
1074413817,Mudgeeraba Spices Malay Goat Curry Masala Medium (250g),$25.00 ,$1.04 / 10G,/shop/productdetails/1074413817/mudgeeraba-spices-malay-goat-curry-masala-medium-250g-
1074413815,Mudgeeraba Spices Malay Lamb Curry Masala Medium (250g),$25.00 ,$1.04 / 10G,/shop/productdetails/1074413815/mudgeeraba-spices-malay-lamb-curry-masala-medium-250g-
1074413875,Mudgeeraba Spices Mudgeeraba Spices  Bombaywalla Curry Masala Mild (240g),$25.00 ,$1.04 / 10G,/shop/productdetails/1074413875/mudgeeraba-spices-mudgeeraba-spices-bombaywalla-curry-masala-mild-240g-
1074413813,Mudgeeraba Spices Parsee Chicken & Cashew Korma Masala Mild (250g),$25.00 ,$1.04 / 10G,/shop/productdetails/1074413813/mudgeeraba-spices-parsee-chicken-cashew-korma-masala-mild-250g-
1074413812,Mudgeeraba Spices Parsee Chicken & Fried Potato Korma Masala Medium (250g),$25.00 ,$1.04 / 10G,/shop/productdetails/1074413812/mudgeeraba-spices-parsee-chicken-fried-potato-korma-masala-medium-250g-
1074413811,Mudgeeraba Spices Parsee Chicken & Spinach Curry Masala Medium (250g),$25.00 ,$1.04 / 10G,/shop/productdetails/1074413811/mudgeeraba-spices-parsee-chicken-spinach-curry-masala-medium-250g-
1074413810,Mudgeeraba Spices Rogan Josh Curry Masala Medium (240g),$25.00 ,$1.04 / 10G,/shop/productdetails/1074413810/mudgeeraba-spices-rogan-josh-curry-masala-medium-240g-
1074413809,Mudgeeraba Spices South Indian Chicken Korma Masala Mild (250g),$25.00 ,$1.04 / 10G,/shop/productdetails/1074413809/mudgeeraba-spices-south-indian-chicken-korma-masala-mild-250g-
1074413808,Mudgeeraba Spices South Indian Vegetable Curry Masala Mild (240g),$25.00 ,$1.04 / 10G,/shop/productdetails/1074413808/mudgeeraba-spices-south-indian-vegetable-curry-masala-mild-240g-
1074413807,Mudgeeraba Spices Sri Lanka Beef Curry Masala Mild (240g),$25.00 ,$1.04 / 10G,/shop/productdetails/1074413807/mudgeeraba-spices-sri-lanka-beef-curry-masala-mild-240g-
1074413806,Mudgeeraba Spices Sri Lanka Chicken Curry Masala Medium (240g),$25.00 ,$1.04 / 10G,/shop/productdetails/1074413806/mudgeeraba-spices-sri-lanka-chicken-curry-masala-medium-240g-
1074413805,Mudgeeraba Spices Sumatra Lamb Curry Masala Medium (240g),$25.00 ,$1.04 / 10G,/shop/productdetails/1074413805/mudgeeraba-spices-sumatra-lamb-curry-masala-medium-240g-
1074413804,Mudgeeraba Spices Tandoori Chicken Masala Hot (240g),$25.00 ,$1.04 / 10G,/shop/productdetails/1074413804/mudgeeraba-spices-tandoori-chicken-masala-hot-240g-
1074413803,Mudgeeraba Spices Thai Green Curry Masala Mild (240g),$25.00 ,$1.04 / 10G,/shop/productdetails/1074413803/mudgeeraba-spices-thai-green-curry-masala-mild-240g-
1074413802,Mudgeeraba Spices Thai Red (Massaman) Curry Masala Medium (240g),$25.00 ,$1.04 / 10G,/shop/productdetails/1074413802/mudgeeraba-spices-thai-red-massaman-curry-masala-medium-240g-
1074413801,Mudgeeraba Spices Vindaloo Curry Masala Medium (240g),$25.00 ,$1.04 / 10G,/shop/productdetails/1074413801/mudgeeraba-spices-vindaloo-curry-masala-medium-240g-
1074276657,My Muscle Chef Protein Cookie Chocolate Chip Box 92g x 12,$71.40 ,$6.47 / 100G,/shop/productdetails/1074276657/my-muscle-chef-protein-cookie-chocolate-chip-box-92g-x-12
1074276659,My Muscle Chef Protein Cookie Triple Chocolate Box 12 x 92g,$71.40 ,$6.47 / 100G,/shop/productdetails/1074276659/my-muscle-chef-protein-cookie-triple-chocolate-box-12-x-92g
1073793743,Naked Chocolate Co Freeze Dried Banana Dark Chocolate 100g,$10.00 ,$10.00 / 100G,/shop/productdetails/1073793743/naked-chocolate-co-freeze-dried-banana-dark-chocolate-100g
1074032863,Nando's Perinaise Peri-Peri Mayonnaise Mild 2 x 465g,$29.99 ,$15.00 / 1EA,/shop/productdetails/1074032863/nando-s-perinaise-peri-peri-mayonnaise-mild-2-x-465g
1074195091,Natural Life Honey Comb Organic 400g,$17.50 ,$4.38 / 100G,/shop/productdetails/1074195091/natural-life-honey-comb-organic-400g
1074032887,Nature's Lane Organic Goji Berries 1kg,$48.99 ,$48.99 / 1KG,/shop/productdetails/1074032887/nature-s-lane-organic-goji-berries-1kg
1074294325,Nippy's 375ml Iced Honeycomb Flavoured Milk Pk24,$65.47 ,$7.27 / 1L,/shop/productdetails/1074294325/nippy-s-375ml-iced-honeycomb-flavoured-milk-pk24
1074294420,Nippy's 500ml Bottles Iced Chocolate Flavoured Milk Pk12,$46.66 ,$7.78 / 1L,/shop/productdetails/1074294420/nippy-s-500ml-bottles-iced-chocolate-flavoured-milk-pk12
1074031762,Nongshim AnSung Instant Noodles in Soup 5pk 125g*5bag/pack&nbsp; X 4Pack,$29.99 ,$7.50 / 1EA,/shop/productdetails/1074031762/nongshim-ansung-instant-noodles-in-soup-5pk-125g-5bag-pack-nbsp-x-4pack
1074050990,Nostalgic Art Metal Mint Box The Coolest Grandpa 2PK 4x6cm,$23.00 ,$11.50 / 1EA,/shop/productdetails/1074050990/nostalgic-art-metal-mint-box-the-coolest-grandpa-2pk-4x6cm
1074050975,Nostalgic Art Metal Mint Box The Sweetest Grandma 2PK 4x6cm,$23.00 ,$11.50 / 1EA,/shop/productdetails/1074050975/nostalgic-art-metal-mint-box-the-sweetest-grandma-2pk-4x6cm
1074050945,Nostalgic Art Metal Mint Box Vespa Italian Legend 2PK 4x6cm,$23.00 ,$11.50 / 1EA,/shop/productdetails/1074050945/nostalgic-art-metal-mint-box-vespa-italian-legend-2pk-4x6cm
1074051031,Nostalgic Art Mint Box Best Friends Fresh Breath Hard Candy 6cm 2PK,$23.00 ,$11.50 / 1EA,/shop/productdetails/1074051031/nostalgic-art-mint-box-best-friends-fresh-breath-hard-candy-6cm-2pk
1074050959,Nostalgic Art Mint Box Elvis Let's Dance Rock 'n' Roll 2PK 4x6cm,$23.00 ,$11.50 / 1EA,/shop/productdetails/1074050959/nostalgic-art-mint-box-elvis-let-s-dance-rock-n-roll-2pk-4x6cm
1074050962,Nostalgic Art Mint Box Harley Flathead Fresh Breath Hard Candy 6cm 2PK,$23.00 ,$11.50 / 1EA,/shop/productdetails/1074050962/nostalgic-art-mint-box-harley-flathead-fresh-breath-hard-candy-6cm-2pk
1074050937,Nostalgic Art Mint Box Harley Fresh Breath Hard Candy 6cm 2PK,$23.00 ,$11.50 / 1EA,/shop/productdetails/1074050937/nostalgic-art-mint-box-harley-fresh-breath-hard-candy-6cm-2pk
1074051233,Nostalgic Art Mint Box Metal 6cm Tin The Original Ride Hard Candy Mints 2PK,$23.00 ,$11.50 / 1EA,/shop/productdetails/1074051233/nostalgic-art-mint-box-metal-6cm-tin-the-original-ride-hard-candy-mints-2pk
1074051049,Nostalgic Art Mint Box Metal Tin Audrey Breakfast At Tiffany's Blue 6cm 2PK,$23.00 ,$11.50 / 1EA,/shop/productdetails/1074051049/nostalgic-art-mint-box-metal-tin-audrey-breakfast-at-tiffany-s-blue-6cm-2pk
1074051090,Nostalgic Art Mint Box Metal Tin Best Coffee Fresh Breath 6cm 2PK,$23.00 ,$11.50 / 1EA,/shop/productdetails/1074051090/nostalgic-art-mint-box-metal-tin-best-coffee-fresh-breath-6cm-2pk
1074051071,Nostalgic Art Mint Box Metal Tin Combi Surf Coast Fresh Breath 6cm 2PK,$23.00 ,$11.50 / 1EA,/shop/productdetails/1074051071/nostalgic-art-mint-box-metal-tin-combi-surf-coast-fresh-breath-6cm-2pk
1074051141,Nostalgic Art Mint Box Metal Tin Fairy Cake Fresh Breath 6cm 2PK,$23.00 ,$11.50 / 1EA,/shop/productdetails/1074051141/nostalgic-art-mint-box-metal-tin-fairy-cake-fresh-breath-6cm-2pk
1074051122,Nostalgic Art Mint Box Metal Tin Placebo Pills Fresh Breath 6cm 2PK,$23.00 ,$11.50 / 1EA,/shop/productdetails/1074051122/nostalgic-art-mint-box-metal-tin-placebo-pills-fresh-breath-6cm-2pk
1074050978,Nostalgic Art Mint Box Route 66 Gas Up Fresh Breath Hard Candy 6cm 2PK,$23.00 ,$11.50 / 1EA,/shop/productdetails/1074050978/nostalgic-art-mint-box-route-66-gas-up-fresh-breath-hard-candy-6cm-2pk
1074051193,Nostalgic Art Mint Box We Can Do It Fresh Breath Hard Candy 6cm 2PK,$23.00 ,$11.50 / 1EA,/shop/productdetails/1074051193/nostalgic-art-mint-box-we-can-do-it-fresh-breath-hard-candy-6cm-2pk
1074051153,Nostalgic Art Mint Tin Box A Fistful of Mints Fresh Breath Hard Candy 6cm 2pk,$23.00 ,$11.50 / 1EA,/shop/productdetails/1074051153/nostalgic-art-mint-tin-box-a-fistful-of-mints-fresh-breath-hard-candy-6cm-2pk
1074051022,Nostalgic Art Mint Tin Box Anti Stress Pills Fresh Breath Hard Candy 6cm 2pk,$23.00 ,$11.50 / 1EA,/shop/productdetails/1074051022/nostalgic-art-mint-tin-box-anti-stress-pills-fresh-breath-hard-candy-6cm-2pk
1074051098,Nostalgic Art Mint Tin Box Audi Red Shine Fresh Breath Hard Candy 6cm 2pk,$23.00 ,$11.50 / 1EA,/shop/productdetails/1074051098/nostalgic-art-mint-tin-box-audi-red-shine-fresh-breath-hard-candy-6cm-2pk
1074051213,Nostalgic Art Mint Tin Box Best Dad Ever Fresh Breath Hard Candy Mints 6cm 2PK,$23.00 ,$11.50 / 1EA,/shop/productdetails/1074051213/nostalgic-art-mint-tin-box-best-dad-ever-fresh-breath-hard-candy-mints-6cm-2pk
1074051228,Nostalgic Art Mint Tin Box Best Mum Ever Fresh Breath Hard Candy 6cm 2PK,$23.00 ,$11.50 / 1EA,/shop/productdetails/1074051228/nostalgic-art-mint-tin-box-best-mum-ever-fresh-breath-hard-candy-6cm-2pk
1074051139,Nostalgic Art Mint Tin Box Einstein Genius Pills Fresh Breath Candy 6cm 2pk,$23.00 ,$11.50 / 1EA,/shop/productdetails/1074051139/nostalgic-art-mint-tin-box-einstein-genius-pills-fresh-breath-candy-6cm-2pk
1074051181,Nostalgic Art Mint Tin Box Fab4 Abbey Road Fresh Breath Hard Candy 6cm 2PK,$23.00 ,$11.50 / 1EA,/shop/productdetails/1074051181/nostalgic-art-mint-tin-box-fab4-abbey-road-fresh-breath-hard-candy-6cm-2pk
1074051229,Nostalgic Art Mint Tin Box Fiat Drivers Only Fresh Breath Hard Candy 6cm 2pk,$23.00 ,$11.50 / 1EA,/shop/productdetails/1074051229/nostalgic-art-mint-tin-box-fiat-drivers-only-fresh-breath-hard-candy-6cm-2pk
1074050977,Nostalgic Art Mint Tin Box First Aid Fresh Breath Hard Candy Blue 6cm 2PK,$23.00 ,$11.50 / 1EA,/shop/productdetails/1074050977/nostalgic-art-mint-tin-box-first-aid-fresh-breath-hard-candy-blue-6cm-2pk
1074051201,Nostalgic Art Mint Tin Box First Aid Fresh Breath Hard Candy Mints Red 6cm 2PK,$23.00 ,$11.50 / 1EA,/shop/productdetails/1074051201/nostalgic-art-mint-tin-box-first-aid-fresh-breath-hard-candy-mints-red-6cm-2pk
1074051060,Nostalgic Art Mint Tin Box Ford Blue Shine Fresh Breath Hard Candy 6cm 2pk,$23.00 ,$11.50 / 1EA,/shop/productdetails/1074051060/nostalgic-art-mint-tin-box-ford-blue-shine-fresh-breath-hard-candy-6cm-2pk
1074051079,Nostalgic Art Mint Tin Box Ford Mustang Fresh Breath Hard Candy 6cm 2pk,$23.00 ,$11.50 / 1EA,/shop/productdetails/1074051079/nostalgic-art-mint-tin-box-ford-mustang-fresh-breath-hard-candy-6cm-2pk
1074051199,Nostalgic Art Mint Tin Box Ford Mustang GT 1967 Red Hard Candy 6cm 2pk,$23.00 ,$11.50 / 1EA,/shop/productdetails/1074051199/nostalgic-art-mint-tin-box-ford-mustang-gt-1967-red-hard-candy-6cm-2pk
1074050980,Nostalgic Art Mint Tin Box Gaming Fresh Breath Hard Candy Mints 6cm 2pk,$23.00 ,$11.50 / 1EA,/shop/productdetails/1074050980/nostalgic-art-mint-tin-box-gaming-fresh-breath-hard-candy-mints-6cm-2pk
1074051183,Nostalgic Art Mint Tin Box Gentlemen's Pills Fresh Breath Hard Candy 6cm 2pk,$23.00 ,$11.50 / 1EA,/shop/productdetails/1074051183/nostalgic-art-mint-tin-box-gentlemen-s-pills-fresh-breath-hard-candy-6cm-2pk
1074050996,Nostalgic Art Mint Tin Box Get A Life Fresh Breath Hard Candy Mints 6cm 2pk,$23.00 ,$11.50 / 1EA,/shop/productdetails/1074050996/nostalgic-art-mint-tin-box-get-a-life-fresh-breath-hard-candy-mints-6cm-2pk
1074051165,Nostalgic Art Mint Tin Box Get Well Soon Fresh Breath Hard Candy Mints 6cm 2pk,$23.00 ,$11.50 / 1EA,/shop/productdetails/1074051165/nostalgic-art-mint-tin-box-get-well-soon-fresh-breath-hard-candy-mints-6cm-2pk
1074051203,Nostalgic Art Mint Tin Box Gin Tonic Fresh Breath Hard Candy Mints 6cm 2PK,$23.00 ,$11.50 / 1EA,/shop/productdetails/1074051203/nostalgic-art-mint-tin-box-gin-tonic-fresh-breath-hard-candy-mints-6cm-2pk
1074051142,Nostalgic Art Mint Tin Box Happy Cat Fresh Breath Hard Candy Mints 6cm 2PK,$23.00 ,$11.50 / 1EA,/shop/productdetails/1074051142/nostalgic-art-mint-tin-box-happy-cat-fresh-breath-hard-candy-mints-6cm-2pk
1074051054,Nostalgic Art Mint Tin Box Happy Wife Happy Life Fresh Breath Candy 6cm 2pk,$23.00 ,$11.50 / 1EA,/shop/productdetails/1074051054/nostalgic-art-mint-tin-box-happy-wife-happy-life-fresh-breath-candy-6cm-2pk
1074051243,Nostalgic Art Mint Tin Box HarleyDavidson Logo Blue Fresh Breath Candy 6cm 2PK,$23.00 ,$11.50 / 1EA,/shop/productdetails/1074051243/nostalgic-art-mint-tin-box-harleydavidson-logo-blue-fresh-breath-candy-6cm-2pk
1074051242,Nostalgic Art Mint Tin Box HarleyDavidson Metal Eagle Hard Candy 2PK 6cm,$23.00 ,$11.50 / 1EA,/shop/productdetails/1074051242/nostalgic-art-mint-tin-box-harleydavidson-metal-eagle-hard-candy-2pk-6cm
1073999245,Nostalgic Art Mint Tin Box I'm Not Getting Old Fresh Breath Candy 6cm,$18.00 ,$120.00 / 100G,/shop/productdetails/1073999245/nostalgic-art-mint-tin-box-i-m-not-getting-old-fresh-breath-candy-6cm
1074051144,Nostalgic Art Mint Tin Box I'm Not Getting Old Fresh Breath Candy 6cm 2pk,$23.00 ,$11.50 / 1EA,/shop/productdetails/1074051144/nostalgic-art-mint-tin-box-i-m-not-getting-old-fresh-breath-candy-6cm-2pk
1074051173,Nostalgic Art Mint Tin Box Inner Peace Relaxation Pills Hard Candy 6cm 2pk,$23.00 ,$11.50 / 1EA,/shop/productdetails/1074051173/nostalgic-art-mint-tin-box-inner-peace-relaxation-pills-hard-candy-6cm-2pk
1073999241,Nostalgic Art Mint Tin Box Live Love Laugh Fresh Breath Hard Candy 6cm,$18.00 ,$120.00 / 100G,/shop/productdetails/1073999241/nostalgic-art-mint-tin-box-live-love-laugh-fresh-breath-hard-candy-6cm
1074051001,Nostalgic Art Mint Tin Box Live Love Laugh Fresh Breath Hard Candy 6cm 2PK,$23.00 ,$11.50 / 1EA,/shop/productdetails/1074051001/nostalgic-art-mint-tin-box-live-love-laugh-fresh-breath-hard-candy-6cm-2pk
1074050987,Nostalgic Art Mint Tin Box Lucky Pills Fresh Breath Hard Candy Mints 6cm 2PK,$23.00 ,$11.50 / 1EA,/shop/productdetails/1074050987/nostalgic-art-mint-tin-box-lucky-pills-fresh-breath-hard-candy-mints-6cm-2pk
1074051086,Nostalgic Art Mint Tin Box Magic Pills Fresh Breath Hard Candy Mints 6cm 2PK,$23.00 ,$11.50 / 1EA,/shop/productdetails/1074051086/nostalgic-art-mint-tin-box-magic-pills-fresh-breath-hard-candy-mints-6cm-2pk
1074051007,Nostalgic Art Mint Tin Box Marilyn Celebrity Pills Fresh Breath Candy 6cm 2pk,$23.00 ,$11.50 / 1EA,/shop/productdetails/1074051007/nostalgic-art-mint-tin-box-marilyn-celebrity-pills-fresh-breath-candy-6cm-2pk
1074051207,Nostalgic Art Mint Tin Box Mercedes Benz Drivers Only Hard Candy Mints 6cm 2pk,$23.00 ,$11.50 / 1EA,/shop/productdetails/1074051207/nostalgic-art-mint-tin-box-mercedes-benz-drivers-only-hard-candy-mints-6cm-2pk
1074051088,Nostalgic Art Mint Tin Box Mercedes Silver Arrow Fresh Breath Candy 6cm 2pk,$23.00 ,$11.50 / 1EA,/shop/productdetails/1074051088/nostalgic-art-mint-tin-box-mercedes-silver-arrow-fresh-breath-candy-6cm-2pk
1073999242,Nostalgic Art Mint Tin Box Mercedes-Benz Logo Black Fresh Breath Candy 6cm,$18.00 ,$120.00 / 100G,/shop/productdetails/1073999242/nostalgic-art-mint-tin-box-mercedes-benz-logo-black-fresh-breath-candy-6cm
1074051137,Nostalgic Art Mint Tin Box MercedesBenz Logo Black Fresh Breath Candy 6cm 2PK,$23.00 ,$11.50 / 1EA,/shop/productdetails/1074051137/nostalgic-art-mint-tin-box-mercedesbenz-logo-black-fresh-breath-candy-6cm-2pk
1074051118,Nostalgic Art Mint Tin Box MercedesBenz Service Fresh Breath Candy 6cm 2PK,$23.00 ,$11.50 / 1EA,/shop/productdetails/1074051118/nostalgic-art-mint-tin-box-mercedesbenz-service-fresh-breath-candy-6cm-2pk
1074051150,Nostalgic Art Mint Tin Box MercedesBenz Silver Arrow Historic Candy 6cm 2PK,$23.00 ,$11.50 / 1EA,/shop/productdetails/1074051150/nostalgic-art-mint-tin-box-mercedesbenz-silver-arrow-historic-candy-6cm-2pk
1074051111,Nostalgic Art Mint Tin Box Mini Drivers Only Fresh Breath Hard Candy 6cm 2pk,$23.00 ,$11.50 / 1EA,/shop/productdetails/1074051111/nostalgic-art-mint-tin-box-mini-drivers-only-fresh-breath-hard-candy-6cm-2pk
1074051155,Nostalgic Art Mint Tin Box Mini Logo Green Fresh Breath Hard Candy 6cm 2PK,$23.00 ,$11.50 / 1EA,/shop/productdetails/1074051155/nostalgic-art-mint-tin-box-mini-logo-green-fresh-breath-hard-candy-6cm-2pk
1074051043,Nostalgic Art Mint Tin Box Number 1 Dad Fresh Breath Hard Candy 6cm 2pk,$23.00 ,$11.50 / 1EA,/shop/productdetails/1074051043/nostalgic-art-mint-tin-box-number-1-dad-fresh-breath-hard-candy-6cm-2pk
1074051028,Nostalgic Art Mint Tin Box Number 1 Mum Fresh Breath Hard Candy 6cm 2pk,$23.00 ,$11.50 / 1EA,/shop/productdetails/1074051028/nostalgic-art-mint-tin-box-number-1-mum-fresh-breath-hard-candy-6cm-2pk
1074051131,Nostalgic Art Mint Tin Box Open Fresh Breath Hard Candy Mints White 6cm 2PK,$23.00 ,$11.50 / 1EA,/shop/productdetails/1074051131/nostalgic-art-mint-tin-box-open-fresh-breath-hard-candy-mints-white-6cm-2pk
1074051215,Nostalgic Art Mint Tin Box Pan Am Travel Stickers Hard Candy 6cm 2pk,$23.00 ,$11.50 / 1EA,/shop/productdetails/1074051215/nostalgic-art-mint-tin-box-pan-am-travel-stickers-hard-candy-6cm-2pk
1074051156,Nostalgic Art Mint Tin Box Pins & Needles Fresh Breath Hard Candy 6cm 2pk,$23.00 ,$11.50 / 1EA,/shop/productdetails/1074051156/nostalgic-art-mint-tin-box-pins-needles-fresh-breath-hard-candy-6cm-2pk
1074050968,Nostalgic Art Mint Tin Box Power Pills Fresh Breath Hard Candy Mints 6cm 2PK,$23.00 ,$11.50 / 1EA,/shop/productdetails/1074050968/nostalgic-art-mint-tin-box-power-pills-fresh-breath-hard-candy-mints-6cm-2pk
1074051100,Nostalgic Art Mint Tin Box Route 66 Adventure Fresh Breath Hard Candy 6cm 2PK,$23.00 ,$11.50 / 1EA,/shop/productdetails/1074051100/nostalgic-art-mint-tin-box-route-66-adventure-fresh-breath-hard-candy-6cm-2pk
1074051070,Nostalgic Art Mint Tin Box Route 66 Bike Map Fresh Breath Hard Candy 6cm 2pk,$23.00 ,$11.50 / 1EA,/shop/productdetails/1074051070/nostalgic-art-mint-tin-box-route-66-bike-map-fresh-breath-hard-candy-6cm-2pk
1074050938,Nostalgic Art Mint Tin Box Service & Repair Fresh Breath Hard Candy 2PK 6cm,$23.00 ,$11.50 / 1EA,/shop/productdetails/1074050938/nostalgic-art-mint-tin-box-service-repair-fresh-breath-hard-candy-2pk-6cm
1074051175,Nostalgic Art Mint Tin Box Take My Breath Away Fresh Breath Hard Candy 6cm 2pk,$23.00 ,$11.50 / 1EA,/shop/productdetails/1074051175/nostalgic-art-mint-tin-box-take-my-breath-away-fresh-breath-hard-candy-6cm-2pk
1074051010,Nostalgic Art Mint Tin Box The Mountains Are Calling Hard Candy 6cm 2pk,$23.00 ,$11.50 / 1EA,/shop/productdetails/1074051010/nostalgic-art-mint-tin-box-the-mountains-are-calling-hard-candy-6cm-2pk
1074051069,Nostalgic Art Mint Tin Box Understanding Men #2 Fresh Breath Hard Candy 6cm 2PK,$23.00 ,$11.50 / 1EA,/shop/productdetails/1074051069/nostalgic-art-mint-tin-box-understanding-men-2-fresh-breath-hard-candy-6cm-2pk
1074050954,Nostalgic Art Mint Tin Box Understanding Men Pills Fresh Breath Candy 6cm 2PK,$23.00 ,$11.50 / 1EA,/shop/productdetails/1074050954/nostalgic-art-mint-tin-box-understanding-men-pills-fresh-breath-candy-6cm-2pk
1074051051,Nostalgic Art Mint Tin Box Understanding Women #2 Fresh Breath Candy 6cm 2PK,$23.00 ,$11.50 / 1EA,/shop/productdetails/1074051051/nostalgic-art-mint-tin-box-understanding-women-2-fresh-breath-candy-6cm-2pk
1074050935,Nostalgic Art Mint Tin Box Understanding Women Pills Fresh Breath Candy 6cm 2PK,$23.00 ,$11.50 / 1EA,/shop/productdetails/1074050935/nostalgic-art-mint-tin-box-understanding-women-pills-fresh-breath-candy-6cm-2pk
1074050961,Nostalgic Art Mint Tin Box VIP Only Fresh Breath Hard Candy Black 6cm 2PK,$23.00 ,$11.50 / 1EA,/shop/productdetails/1074050961/nostalgic-art-mint-tin-box-vip-only-fresh-breath-hard-candy-black-6cm-2pk
1074051073,Nostalgic Art Mint Tin Box VIP Only Fresh Breath Hard Candy Pink 6cm 2PK,$23.00 ,$11.50 / 1EA,/shop/productdetails/1074051073/nostalgic-art-mint-tin-box-vip-only-fresh-breath-hard-candy-pink-6cm-2pk
1074051052,Nostalgic Art Mint Tin Box VW Beetle The Original Ride Hard Candy 6cm 2PK,$23.00 ,$11.50 / 1EA,/shop/productdetails/1074051052/nostalgic-art-mint-tin-box-vw-beetle-the-original-ride-hard-candy-6cm-2pk
1074051126,Nostalgic Art Mint Tin Box VW Bulli Adventure Awaits Fresh Breath Candy 6cm 2pk,$23.00 ,$11.50 / 1EA,/shop/productdetails/1074051126/nostalgic-art-mint-tin-box-vw-bulli-adventure-awaits-fresh-breath-candy-6cm-2pk
1074050998,Nostalgic Art Mint Tin Box VW Bulli Beach Fresh Breath Hard Candy Mints 6cm 2pk,$23.00 ,$11.50 / 1EA,/shop/productdetails/1074050998/nostalgic-art-mint-tin-box-vw-bulli-beach-fresh-breath-hard-candy-mints-6cm-2pk
1074051219,Nostalgic Art Mint Tin Box VW Drivers Only Fresh Breath Hard Candy 6cm 2PK,$23.00 ,$11.50 / 1EA,/shop/productdetails/1074051219/nostalgic-art-mint-tin-box-vw-drivers-only-fresh-breath-hard-candy-6cm-2pk
1074051113,Nostalgic Art Mint Tin Box VW Garage Fresh Breath Hard Candy Mints 6cm 2PK,$23.00 ,$11.50 / 1EA,/shop/productdetails/1074051113/nostalgic-art-mint-tin-box-vw-garage-fresh-breath-hard-candy-mints-6cm-2pk
1074051033,Nostalgic Art Mint Tin Box VW Get Lost Fresh Breath Hard Candy Mints 6cm 2PK,$23.00 ,$11.50 / 1EA,/shop/productdetails/1074051033/nostalgic-art-mint-tin-box-vw-get-lost-fresh-breath-hard-candy-mints-6cm-2pk
1074051087,Nostalgic Art Mint Tin Box VW Good In Shape Fresh Breath Hard Candy 6cm 2PK,$23.00 ,$11.50 / 1EA,/shop/productdetails/1074051087/nostalgic-art-mint-tin-box-vw-good-in-shape-fresh-breath-hard-candy-6cm-2pk
1074051166,Nostalgic Art Mint Tin Box VW Let's Get Away Fresh Breath Hard Candy 6cm 2PK,$23.00 ,$11.50 / 1EA,/shop/productdetails/1074051166/nostalgic-art-mint-tin-box-vw-let-s-get-away-fresh-breath-hard-candy-6cm-2pk
1074050965,Nostalgic Art Mint Tin Box Vespa Italian Laundry Hard Candy Mints 6cm 2pk,$23.00 ,$11.50 / 1EA,/shop/productdetails/1074050965/nostalgic-art-mint-tin-box-vespa-italian-laundry-hard-candy-mints-6cm-2pk
1074050949,Nostalgic Art Mint Tin Box Vespa Logo Fresh Breath Hard Candy Mints 6cm 2PK,$23.00 ,$11.50 / 1EA,/shop/productdetails/1074050949/nostalgic-art-mint-tin-box-vespa-logo-fresh-breath-hard-candy-mints-6cm-2pk
1074050966,Nostalgic Art Mint Tin Box Vespa Riders Only Fresh Breath Hard Candy 6cm 2PK,$23.00 ,$11.50 / 1EA,/shop/productdetails/1074050966/nostalgic-art-mint-tin-box-vespa-riders-only-fresh-breath-hard-candy-6cm-2pk
1074050985,Nostalgic Art Mint Tin Box Vespa The Italian Classic Fresh Breath Candy 6cm 2PK,$23.00 ,$11.50 / 1EA,/shop/productdetails/1074050985/nostalgic-art-mint-tin-box-vespa-the-italian-classic-fresh-breath-candy-6cm-2pk
1074051211,Nostalgic Art Mint Tin Box XL Bicycle Beautiful Ride Hard Candy 10cm 2pk,$28.00 ,$14.00 / 1EA,/shop/productdetails/1074051211/nostalgic-art-mint-tin-box-xl-bicycle-beautiful-ride-hard-candy-10cm-2pk
1074051041,Nostalgic Art Mint Tin Box XL Happy Pills Fresh Breath Hard Candy 10cm 2pk,$28.00 ,$14.00 / 1EA,/shop/productdetails/1074051041/nostalgic-art-mint-tin-box-xl-happy-pills-fresh-breath-hard-candy-10cm-2pk
1074051059,Nostalgic Art Mint Tin Box XL HarleyDavidson Garage Hard Candy 10cm 2pk,$28.00 ,$14.00 / 1EA,/shop/productdetails/1074051059/nostalgic-art-mint-tin-box-xl-harleydavidson-garage-hard-candy-10cm-2pk
1074051117,Nostalgic Art Mint Tin Box XL HarleyDavidson Genuine Hard Candy 10cm 2pk,$28.00 ,$14.00 / 1EA,/shop/productdetails/1074051117/nostalgic-art-mint-tin-box-xl-harleydavidson-genuine-hard-candy-10cm-2pk
1074051140,Nostalgic Art Mint Tin Box XL Outdoor Adventure Hard Candy 10cm 2pk,$28.00 ,$14.00 / 1EA,/shop/productdetails/1074051140/nostalgic-art-mint-tin-box-xl-outdoor-adventure-hard-candy-10cm-2pk
1074051006,Nostalgic Art Mint Tin Box XL Placebo Pills Fresh Breath Hard Candy 10cm 2pk,$28.00 ,$14.00 / 1EA,/shop/productdetails/1074051006/nostalgic-art-mint-tin-box-xl-placebo-pills-fresh-breath-hard-candy-10cm-2pk
1074051225,Nostalgic Art Mint Tin Box XL Private Fresh Breath Hard Candy 10cm 2pk,$28.00 ,$14.00 / 1EA,/shop/productdetails/1074051225/nostalgic-art-mint-tin-box-xl-private-fresh-breath-hard-candy-10cm-2pk
1074051180,Nostalgic Art Mint Tin Box XL VW Bulli Let's Get Away Night Hard Candy 10cm 2pk,$28.00 ,$14.00 / 1EA,/shop/productdetails/1074051180/nostalgic-art-mint-tin-box-xl-vw-bulli-let-s-get-away-night-hard-candy-10cm-2pk
1074051078,Nostalgic Art Mint Tin Box XL VW Bulli Let's Get Lost Hard Candy 10cm 2pk,$28.00 ,$14.00 / 1EA,/shop/productdetails/1074051078/nostalgic-art-mint-tin-box-xl-vw-bulli-let-s-get-lost-hard-candy-10cm-2pk
1074051194,Nostalgic Art Mint Tin Box XL VW Bulli Pop ArtHard Candy Mints 10cm 2pk,$28.00 ,$14.00 / 1EA,/shop/productdetails/1074051194/nostalgic-art-mint-tin-box-xl-vw-bulli-pop-arthard-candy-mints-10cm-2pk
1074051248,Nostalgic Art Mint Tin Box XL Vespa GS150 Since 1955 Hard Candy 10cm 2pk,$28.00 ,$14.00 / 1EA,/shop/productdetails/1074051248/nostalgic-art-mint-tin-box-xl-vespa-gs150-since-1955-hard-candy-10cm-2pk
1074051134,Nostalgic Art Mint Tin Box XL Vespa Garage Fresh Breath Hard Candy 10cm 2pk,$28.00 ,$14.00 / 1EA,/shop/productdetails/1074051134/nostalgic-art-mint-tin-box-xl-vespa-garage-fresh-breath-hard-candy-10cm-2pk
1074051163,Nostalgic Art Mint Tin Box XL We Can Do It Fresh Breath Hard Candy 10cm 2pk,$28.00 ,$14.00 / 1EA,/shop/productdetails/1074051163/nostalgic-art-mint-tin-box-xl-we-can-do-it-fresh-breath-hard-candy-10cm-2pk
1074051235,Nostalgic Art Mint Tin Box You Make Me Happy Fresh Breath Hard Candy 6cm 2pk,$23.00 ,$11.50 / 1EA,/shop/productdetails/1074051235/nostalgic-art-mint-tin-box-you-make-me-happy-fresh-breath-hard-candy-6cm-2pk
1073996059,Nutra Organics Bone Broth Chicken Organic Turmeric 125g,$43.95 ,$35.16 / 100G,/shop/productdetails/1073996059/nutra-organics-bone-broth-chicken-organic-turmeric-125g
1073996018,Nutra Organics Broth Vegetable Mushroom Veggie 125g,$25.95 ,$20.76 / 100G,/shop/productdetails/1073996018/nutra-organics-broth-vegetable-mushroom-veggie-125g
1074049540,Ocean Spray Reduced Sugar Craisins Dried Cranberries 1.2kg,$38.99 ,$32.49 / 1KG,/shop/productdetails/1074049540/ocean-spray-reduced-sugar-craisins-dried-cranberries-1-2kg
1074044348,Oct Fifth Abalone Shaped Pastries 108g X 4Pack,$18.49 ,$6.16 / 1EA,/shop/productdetails/1074044348/oct-fifth-abalone-shaped-pastries-108g-x-4pack
1074044225,Oct Fifth Almond Cakes 300g X 4Pack,$46.99 ,$11.75 / 1EA,/shop/productdetails/1074044225/oct-fifth-almond-cakes-300g-x-4pack
1074044282,Oct Fifth Pineapple Short Cakes 180g X2Pack,$18.99 ,$9.50 / 1EA,/shop/productdetails/1074044282/oct-fifth-pineapple-short-cakes-180g-x2pack
1073999425,Old Bones Chilli Co Smoked Chilli Churri Bundle - 2pk,$53.00 ,,/shop/productdetails/1073999425/old-bones-chilli-co-smoked-chilli-churri-bundle-2pk
1073962774,Old Mule Black Bean Dynasty Chili Super Spicy 240g x 3Pack,$24.39 ,$3.39 / 100G,/shop/productdetails/1073962774/old-mule-black-bean-dynasty-chili-super-spicy-240g-x-3pack
1073976564,Old Mule Chill With Bean Curd 240g X 3Pack,$24.79 ,$3.44 / 100G,/shop/productdetails/1073976564/old-mule-chill-with-bean-curd-240g-x-3pack
1074324738,Organic Artichoke Garden Plant Vegetable Seeds,$18.00 ,$18.00 / 1EA,/shop/productdetails/1074324738/organic-artichoke-garden-plant-vegetable-seeds
1074324714,Organic Basil Lime Garden Plant Vegetable Seeds,$18.00 ,$18.00 / 1EA,/shop/productdetails/1074324714/organic-basil-lime-garden-plant-vegetable-seeds
1074324836,Organic Beefstake Tomato Garden Plant Seeds,$18.00 ,$18.00 / 1EA,/shop/productdetails/1074324836/organic-beefstake-tomato-garden-plant-seeds
1074324621,Organic Black Zucchini Garden Plant Seeds,$18.00 ,$18.00 / 1EA,/shop/productdetails/1074324621/organic-black-zucchini-garden-plant-seeds
1074324762,Organic Bush Blue Lake Beans Climbing Garden Plant Seeds,$18.00 ,$18.00 / 1EA,/shop/productdetails/1074324762/organic-bush-blue-lake-beans-climbing-garden-plant-seeds
1074324823,Organic Carrot Dragon Garden Plant Seeds,$18.00 ,$18.00 / 1EA,/shop/productdetails/1074324823/organic-carrot-dragon-garden-plant-seeds
1074324611,Organic Coriander Slow Bolt Garden Plant Seeds,$18.00 ,$18.00 / 1EA,/shop/productdetails/1074324611/organic-coriander-slow-bolt-garden-plant-seeds
1074324641,Organic Cucumber Marketmore Garden Plant Seeds,$18.00 ,$18.00 / 1EA,/shop/productdetails/1074324641/organic-cucumber-marketmore-garden-plant-seeds
1074324590,Organic Dill Garden Plant Herb Growing Seeds,$18.00 ,$18.00 / 1EA,/shop/productdetails/1074324590/organic-dill-garden-plant-herb-growing-seeds
1074324749,Organic Early Wonder Beetroot Garden Plant Seeds,$18.00 ,$18.00 / 1EA,/shop/productdetails/1074324749/organic-early-wonder-beetroot-garden-plant-seeds
1074324728,Organic Garlic Chive Garden Plant Seeds,$18.00 ,$18.00 / 1EA,/shop/productdetails/1074324728/organic-garlic-chive-garden-plant-seeds
1074324683,Organic Great Lakes Lettuce Garden Plant Seeds,$18.00 ,$18.00 / 1EA,/shop/productdetails/1074324683/organic-great-lakes-lettuce-garden-plant-seeds
1074324874,Organic Italian flat leaf Parsley Garden Plant Growing Seeds,$18.00 ,$18.00 / 1EA,/shop/productdetails/1074324874/organic-italian-flat-leaf-parsley-garden-plant-growing-seeds
1074324667,Organic Kale Garden Plant Vegetable Seeds,$18.00 ,$18.00 / 1EA,/shop/productdetails/1074324667/organic-kale-garden-plant-vegetable-seeds
1074324656,Organic Leek - American Flag Garden Plant Seeds,$18.00 ,$18.00 / 1EA,/shop/productdetails/1074324656/organic-leek-american-flag-garden-plant-seeds
1074324801,Organic Pak Choi Seeds Garden Plant Cabbage,$18.00 ,$18.00 / 1EA,/shop/productdetails/1074324801/organic-pak-choi-seeds-garden-plant-cabbage
1074324739,Organic Parsley Triple Curled Garden Plant Seeds,$18.00 ,$18.00 / 1EA,/shop/productdetails/1074324739/organic-parsley-triple-curled-garden-plant-seeds
1074324625,Organic Radish Garden Plant Vegetable Seeds,$18.00 ,$18.00 / 1EA,/shop/productdetails/1074324625/organic-radish-garden-plant-vegetable-seeds
1074324589,Organic Spinach Garden Plant Vegetable Seeds,$18.00 ,$18.00 / 1EA,/shop/productdetails/1074324589/organic-spinach-garden-plant-vegetable-seeds
1074324685,Organic Stevia Sweet Sugar Alternative Seeds,$19.00 ,$19.00 / 1EA,/shop/productdetails/1074324685/organic-stevia-sweet-sugar-alternative-seeds
308994,Origin Tea Low Sugar Chai Latte 200g,,,/shop/productdetails/308994/origin-tea-low-sugar-chai-latte
1074027133,Orihiro Japanese Konjac Jelly 0cal Grapefruit Flavor 130g&nbsp;X 2Pack,$13.99 ,$5.38 / 100G,/shop/productdetails/1074027133/orihiro-japanese-konjac-jelly-0cal-grapefruit-flavor-130g-nbsp-x-2pack
1074032765,Osem Cream Crackers 250g x 3,$31.49 ,,/shop/productdetails/1074032765/osem-cream-crackers-250g-x-3
1074032769,Osem Golden Crackers 150g x 3,$29.99 ,$10.00 / 1EA,/shop/productdetails/1074032769/osem-golden-crackers-150g-x-3
1074032738,Osem Mini Croutons Canister 400g x 3,$41.99 ,$14.00 / 1EA,/shop/productdetails/1074032738/osem-mini-croutons-canister-400g-x-3
1074032770,Osem Sesame Crackers 250g x 3,$29.99 ,$10.00 / 1EA,/shop/productdetails/1074032770/osem-sesame-crackers-250g-x-3
1074032777,Osem Vanilla Pudding 80g x 4,$28.49 ,$7.12 / 1EA,/shop/productdetails/1074032777/osem-vanilla-pudding-80g-x-4
1073818932,Pacific Harvest Nori Flakes 60g,$21.15 ,$352.50 / 1KG,/shop/productdetails/1073818932/pacific-harvest-nori-flakes-60g
1073818936,Pacific Harvest Sea Spaghetti Seaweed Branches 30g,$10.55 ,$351.67 / 1KG,/shop/productdetails/1073818936/pacific-harvest-sea-spaghetti-seaweed-branches-30g
1074032780,Pereg Classic Golden Breadcrumbs 340g x 2,$26.99 ,$13.50 / 1EA,/shop/productdetails/1074032780/pereg-classic-golden-breadcrumbs-340g-x-2
1073945897,Planet Organic Echinacea Plus 25 Tea Bags x 2pack,$12.80 ,$25.60 / 100EA,/shop/productdetails/1073945897/planet-organic-echinacea-plus-25-tea-bags-x-2pack
1073999461,Poetry Fine Foods Almond Buttercrunch Toffee Bundle - 2 pack,$43.00 ,,/shop/productdetails/1073999461/poetry-fine-foods-almond-buttercrunch-toffee-bundle-2-pack
1073835601,Portmeirion Sophie Conran Cake Slice,$84.99 ,,/shop/productdetails/1073835601/portmeirion-sophie-conran-cake-slice
1073777951,Power Super Foods Dulse Leaf Cert Organic 50g,$22.95 ,$45.90 / 100G,/shop/productdetails/1073777951/power-super-foods-dulse-leaf-cert-organic-50g
1073908329,Primo Caffe Espresso Tazza D'oro Coffee Beans 1KG 2PK,$45.00 ,$22.50 / 1EA,/shop/productdetails/1073908329/primo-caffe-espresso-tazza-d-oro-coffee-beans-1kg-2pk
1073908285,Primo Caffe Maestro Coffee Capsules 6x 10PK,$36.00 ,$0.60 / 1EA,/shop/productdetails/1073908285/primo-caffe-maestro-coffee-capsules-6x-10pk
1073911050,Purely Gourmet Peppermint Grove Pamper Hamper,$139.50 ,,/shop/productdetails/1073911050/purely-gourmet-peppermint-grove-pamper-hamper
1073983151,QiaQia King Sunflower Seeds Pecan Nuts Flavour 110g X 4Pack,$15.75 ,$3.58 / 100G,/shop/productdetails/1073983151/qiaqia-king-sunflower-seeds-pecan-nuts-flavour-110g-x-4pack
1074252181,Riviana Black Beans 2.5Kg,$42.40 ,$1.70 / 100G,/shop/productdetails/1074252181/riviana-black-beans-2-5kg
1074025885,Rivsalt BBQ Pro Himilayan Salt Blocks 30x20cm w/Metal Holder 2pc,$129.00 ,$129.00 / 1EA,/shop/productdetails/1074025885/rivsalt-bbq-pro-himilayan-salt-blocks-30x20cm-w-metal-holder-2pc
1074025763,Rivsalt Premium Oak Wood Spice Bowls Salt/Peppers/Chilli 3pc,$37.00 ,$37.00 / 1EA,/shop/productdetails/1074025763/rivsalt-premium-oak-wood-spice-bowls-salt-peppers-chilli-3pc
1074044373,Royal Family Fruit Jelly Grape Flavour 8pcs 160g X 4Pack,$19.99 ,$5.00 / 1EA,/shop/productdetails/1074044373/royal-family-fruit-jelly-grape-flavour-8pcs-160g-x-4pack
1074044406,Royal Family Yogurt Jelly Original & Strawberry Flavour 15pcs 300g X 3Pack,$20.99 ,$7.00 / 1EA,/shop/productdetails/1074044406/royal-family-yogurt-jelly-original-strawberry-flavour-15pcs-300g-x-3pack
1074114300,Ryukakusan Herbal Refreshing Candy Original Flavour 88g X 4Pack,$31.99 ,$6.40 / 1EA,/shop/productdetails/1074114300/ryukakusan-herbal-refreshing-candy-original-flavour-88g-x-4pack
1074114303,Ryukakusan Herbal Refreshing Candy Stick Type Original Flavor 40g X 4Pack,$18.19 ,$3.64 / 1EA,/shop/productdetails/1074114303/ryukakusan-herbal-refreshing-candy-stick-type-original-flavor-40g-x-4pack
1074114299,Ryukakusan Throat Refreshing Candy Honey Milk Flavour 88g X 4Pack,$34.29 ,$6.86 / 1EA,/shop/productdetails/1074114299/ryukakusan-throat-refreshing-candy-honey-milk-flavour-88g-x-4pack
1074114486,S&B Golden Curry Mix Medium 1kg X 2Pack,$42.87 ,$21.44 / 1EA,/shop/productdetails/1074114486/s-b-golden-curry-mix-medium-1kg-x-2pack
1074371546,SNAXX Keto Donut 4 Pack - Bundle x 2,$23.90 ,$11.95 / 1EA,/shop/productdetails/1074371546/snaxx-keto-donut-4-pack-bundle-x-2
1074212685,SNAXX Keto Spiced Delight 2 Pack - Bundle x 3,$22.95 ,$7.65 / 1EA,/shop/productdetails/1074212685/snaxx-keto-spiced-delight-2-pack-bundle-x-3
1074049510,Salter Indigo 39cm Deep Roaster,$29.95 ,,/shop/productdetails/1074049510/salter-indigo-39cm-deep-roaster
1074048660,Salter Silver Megastone 23cm Square Pan,$29.95 ,,/shop/productdetails/1074048660/salter-silver-megastone-23cm-square-pan
1074048661,Salter Silver Megastone 24cm Round Pan,$29.95 ,,/shop/productdetails/1074048661/salter-silver-megastone-24cm-round-pan
1074048662,Salter Silver Megastone 27cm Loaf Pan,$29.95 ,,/shop/productdetails/1074048662/salter-silver-megastone-27cm-loaf-pan
1074048658,Salter Silver Megastone 36cm Roaster,$29.95 ,,/shop/productdetails/1074048658/salter-silver-megastone-36cm-roaster
257765,Sanitarium Up&go Liquid Breakfast Vanilla 350ml,,,/shop/productdetails/257765/sanitarium-up-go-liquid-breakfast-vanilla
1074032861,Shneiders Milk Chocolate Buttons 300g,$23.99 ,$8.00 / 100G,/shop/productdetails/1074032861/shneiders-milk-chocolate-buttons-300g
1074019573,Small Batch Providore - Grazing The Day Away Gift Hamper,$90.00 ,,/shop/productdetails/1074019573/small-batch-providore-grazing-the-day-away-gift-hamper
1074019572,Small Batch Providore - Pantry Stocker Gift Hamper,$130.00 ,,/shop/productdetails/1074019572/small-batch-providore-pantry-stocker-gift-hamper
1074024626,Small Batch Providore - Picnic Pack Gift Hamper,$105.00 ,,/shop/productdetails/1074024626/small-batch-providore-picnic-pack-gift-hamper
1074019575,Small Batch Providore - Three Thirty-Itis Buster Gift Hamper,$120.00 ,,/shop/productdetails/1074019575/small-batch-providore-three-thirty-itis-buster-gift-hamper
1074032876,Smith's 100% Pure Australian Organic Raw Honey 1kg x 2,$48.99 ,$24.50 / 1EA,/shop/productdetails/1074032876/smith-s-100-pure-australian-organic-raw-honey-1kg-x-2
1074032737,Sniders Super Fine Matzo Flour 375g x 3,$32.99 ,$11.00 / 1EA,/shop/productdetails/1074032737/sniders-super-fine-matzo-flour-375g-x-3
1073950463,Spiral Foods Organic Lentils 6 x 400g,$14.95 ,$0.62 / 100G,/shop/productdetails/1073950463/spiral-foods-organic-lentils-6-x-400g
1074082956,Stitch Coffee - Coco Field 33% Drinking Chocolate 250g,$18.00 ,$7.20 / 100G,/shop/productdetails/1074082956/stitch-coffee-coco-field-33-drinking-chocolate-250g
1074052559,Stitch Coffee Black Field Blend 1kg - Premium Specialty Coffee,$60.00 ,$6.00 / 100G,/shop/productdetails/1074052559/stitch-coffee-black-field-blend-1kg-premium-specialty-coffee
1074052558,Stitch Coffee Black Field Blend 250g - Premium Specialty Coffee,$20.00 ,$8.00 / 100G,/shop/productdetails/1074052558/stitch-coffee-black-field-blend-250g-premium-specialty-coffee
1074052571,Stitch Coffee Handcrafted Sticky Chai Loose Leaf Chai Tea 200g,$25.00 ,$12.50 / 100G,/shop/productdetails/1074052571/stitch-coffee-handcrafted-sticky-chai-loose-leaf-chai-tea-200g
1074052572,Stitch Coffee Handcrafted Sticky Chai Loose Leaf Tea (Vegan) 200g,$25.00 ,$12.50 / 100G,/shop/productdetails/1074052572/stitch-coffee-handcrafted-sticky-chai-loose-leaf-tea-vegan-200g
1074052554,Stitch Coffee Higgs Field Blend 1k - Premium Specialty Coffee,$60.00 ,$6.00 / 100G,/shop/productdetails/1074052554/stitch-coffee-higgs-field-blend-1k-premium-specialty-coffee
1074317056,Stitch Coffee Iced Oat Milk Latte Can 12 pack,$62.00 ,$21.53 / 1L,/shop/productdetails/1074317056/stitch-coffee-iced-oat-milk-latte-can-12-pack
1074082852,Stitch Coffee PNG Okapa Blue Pods - Premium Specialty Coffee 10pk - HOME Compostable,$13.00 ,$1.30 / 1EA,/shop/productdetails/1074082852/stitch-coffee-png-okapa-blue-pods-premium-specialty-coffee-10pk-home-compostable
231196,Sugar Honey Black Sugar Syrup 480g,$6.90 ,$1.44 / 100G,/shop/productdetails/231196/sugar-honey-black-sugar-syrup
1073983138,Surasang Traditional Roll Cookie Biscuit Coconut Flavour 365g X 4Pack,$39.99 ,$2.74 / 100G,/shop/productdetails/1073983138/surasang-traditional-roll-cookie-biscuit-coconut-flavour-365g-x-4pack
1073811790,Sweet Luxuries Hamper,$69.95 ,,/shop/productdetails/1073811790/sweet-luxuries-hamper
1074046470,TRUFF Truffle Infused Mini Hot Sauce Travel Pack Gluten Free 43g x 4,$52.95 ,$30.78 / 100G,/shop/productdetails/1074046470/truff-truffle-infused-mini-hot-sauce-travel-pack-gluten-free-43g-x-4
1074089079,Tastebuds A Love Story Chocolate Bouquet,$69.00 ,,/shop/productdetails/1074089079/tastebuds-a-love-story-chocolate-bouquet
1074023483,Tastebuds Baby Bear Pink Hamper With Emotion and Kids Pink Bubbles Muslin Wrap,$89.00 ,,/shop/productdetails/1074023483/tastebuds-baby-bear-pink-hamper-with-emotion-and-kids-pink-bubbles-muslin-wrap
1074089065,Tastebuds Be Mine Chocolate Bouquet,$89.00 ,,/shop/productdetails/1074089065/tastebuds-be-mine-chocolate-bouquet
1074089066,Tastebuds Blue Heaven Chocolate Bouquet,$69.00 ,,/shop/productdetails/1074089066/tastebuds-blue-heaven-chocolate-bouquet
1074089067,Tastebuds Bouquet of Love,$59.00 ,,/shop/productdetails/1074089067/tastebuds-bouquet-of-love
1074023442,Tastebuds Celebrations with Belgian Milk Chocolate Stars Bouquet,$69.00 ,,/shop/productdetails/1074023442/tastebuds-celebrations-with-belgian-milk-chocolate-stars-bouquet
1074089068,Tastebuds Chocolate Hugs Bouquet,$65.00 ,,/shop/productdetails/1074089068/tastebuds-chocolate-hugs-bouquet
1074089069,Tastebuds Golden Celebration Chocolate Bouquet Bucket,$100.00 ,,/shop/productdetails/1074089069/tastebuds-golden-celebration-chocolate-bouquet-bucket
1074089072,Tastebuds Lovers Choice Chocolate Bouquet Bucket,$69.00 ,,/shop/productdetails/1074089072/tastebuds-lovers-choice-chocolate-bouquet-bucket
1074023541,Tastebuds Mad Malteser Goodie Box With Savoury Snacks,$59.00 ,,/shop/productdetails/1074023541/tastebuds-mad-malteser-goodie-box-with-savoury-snacks
1074023506,Tastebuds New Born Baby Belgian Chocolat Bouquet With Teddy and Azahara Sparkling,$69.00 ,,/shop/productdetails/1074023506/tastebuds-new-born-baby-belgian-chocolat-bouquet-with-teddy-and-azahara-sparkling
1074023427,Tastebuds Organic Morning Hamper With Organic Tea And Snacks,$85.00 ,,/shop/productdetails/1074023427/tastebuds-organic-morning-hamper-with-organic-tea-and-snacks
1074023407,Tastebuds Purple Dream Belgian Milk Chocolate Bouquet,$49.00 ,,/shop/productdetails/1074023407/tastebuds-purple-dream-belgian-milk-chocolate-bouquet
1074023486,Tastebuds Sparkling Rose for Little Baby Rattling Bear Hamper,$79.00 ,,/shop/productdetails/1074023486/tastebuds-sparkling-rose-for-little-baby-rattling-bear-hamper
1074089073,Tastebuds Sweet Desire Chocolate Bouquet,$79.00 ,,/shop/productdetails/1074089073/tastebuds-sweet-desire-chocolate-bouquet
1074089074,Tastebuds The Mediterranean Chocolate Bouquet,$75.00 ,,/shop/productdetails/1074089074/tastebuds-the-mediterranean-chocolate-bouquet
1074087049,Tastebuds The Pink Love Hamper,$89.00 ,,/shop/productdetails/1074087049/tastebuds-the-pink-love-hamper
1073961509,Tastes of Country Gourmet Delights Gift Hamper Australian Made,$249.95 ,,/shop/productdetails/1073961509/tastes-of-country-gourmet-delights-gift-hamper-australian-made
1073927453,The Gourmet Collection Spice Blends Trio Set - Entertainers,$28.00 ,$9.33 / 1EA,/shop/productdetails/1073927453/the-gourmet-collection-spice-blends-trio-set-entertainers
1073927458,The Gourmet Collection Spice Blends Trio Set - Fish,$28.00 ,$9.33 / 1EA,/shop/productdetails/1073927458/the-gourmet-collection-spice-blends-trio-set-fish
1073972511,The Organic Tea Project Breakfast Tea Bags 60 pack,$28.70 ,$47.83 / 100EA,/shop/productdetails/1073972511/the-organic-tea-project-breakfast-tea-bags-60-pack
1073972859,The Organic Tea Project Digestive Tea Bags 60 pack,$28.70 ,$47.83 / 100EA,/shop/productdetails/1073972859/the-organic-tea-project-digestive-tea-bags-60-pack
1073973014,The Organic Tea Project Masala Chai Tea Bags 60 pack,$28.70 ,$47.83 / 100EA,/shop/productdetails/1073973014/the-organic-tea-project-masala-chai-tea-bags-60-pack
1073974655,The Tea Collective Blossom Loose Leaf Maternity Collection 80g,$31.95 ,$39.94 / 100G,/shop/productdetails/1073974655/the-tea-collective-blossom-loose-leaf-maternity-collection-80g
1073974656,The Tea Collective Flower Loose Leaf Maternity Collection 80g,$31.95 ,$39.94 / 100G,/shop/productdetails/1073974656/the-tea-collective-flower-loose-leaf-maternity-collection-80g
1073974654,The Tea Collective Seed Loose Leaf Maternity Collection 80g,$31.95 ,$39.94 / 100G,/shop/productdetails/1073974654/the-tea-collective-seed-loose-leaf-maternity-collection-80g
1074088957,Three Squirrels Gift Box Ten Types of Nuts 2.28kg,$112.49 ,$4.92 / 100G,/shop/productdetails/1074088957/three-squirrels-gift-box-ten-types-of-nuts-2-28kg
1074044061,Trump's Pretzels 200 X 15G,$117.27 ,,/shop/productdetails/1074044061/trump-s-pretzels-200-x-15g
1074252179,Trumps Figs Dried 1Kg,$51.90 ,,/shop/productdetails/1074252179/trumps-figs-dried-1kg
1074252204,Trumps Muesli Natural 1Kg,$41.15 ,,/shop/productdetails/1074252204/trumps-muesli-natural-1kg
172271,Truva Turkish Delight 1kg,,,/shop/productdetails/172271/truva-turkish-delight
1073958710,Tweed Real Food - Aussie Made Gift Hamper,$132.95 ,$132.95 / 1EA,/shop/productdetails/1073958710/tweed-real-food-aussie-made-gift-hamper
1073958703,Tweed Real Food - Try Me! Gift Hamper,$39.95 ,$39.95 / 1EA,/shop/productdetails/1073958703/tweed-real-food-try-me-gift-hamper
1073958713,Tweed Real Food - Ultimate Foodie Gift Hamper,$173.95 ,$173.95 / 1EA,/shop/productdetails/1073958713/tweed-real-food-ultimate-foodie-gift-hamper
1073958707,Tweed Real Food Cheeseboard Splash Balsamic Vinegar 250ml,$20.95 ,$8.38 / 100ML,/shop/productdetails/1073958707/tweed-real-food-cheeseboard-splash-balsamic-vinegar-250ml
1073958721,Tweed Real Food Durban Curry Rub 180g,$30.95 ,$17.19 / 100G,/shop/productdetails/1073958721/tweed-real-food-durban-curry-rub-180g
1073983122,Un Chi Crispy Fish Skin Chips Mustard flavor 100g X4Pack,$28.99 ,$7.25 / 100G,/shop/productdetails/1073983122/un-chi-crispy-fish-skin-chips-mustard-flavor-100g-x4pack
1074032779,Ungers Original Kosher Dill Pickles 976Ml x 2,$44.99 ,$22.50 / 1EA,/shop/productdetails/1074032779/ungers-original-kosher-dill-pickles-976ml-x-2
1074031773,Vita Chrysanthemum Tea Less sugar 250ml*6pk&nbsp; X 4Pack,$36.99 ,$9.25 / 1EA,/shop/productdetails/1074031773/vita-chrysanthemum-tea-less-sugar-250ml-6pk-nbsp-x-4pack
310030,Vittoria Coffee Black Valley Riserva Blend Capsules 20 Pack,$13.00 ,$0.65 / 1EA,/shop/productdetails/310030/vittoria-coffee-black-valley-riserva-blend-capsules
1074046006,Wang Lao Ji Herbal Drink 310ml*6pk X 2Pack,$24.69 ,$2.06 / 1EA,/shop/productdetails/1074046006/wang-lao-ji-herbal-drink-310ml-6pk-x-2pack
1073961476,Whittard of Chelsea Tea Discovery Earl Grey Pouch & Silver-plated Infuser 100g,$39.95 ,$39.95 / 100G,/shop/productdetails/1073961476/whittard-of-chelsea-tea-discovery-earl-grey-pouch-silver-plated-infuser-100g
1073999465,Willow Vale Gourmet Food Co Truffle Bundle - 2 pack,$56.90 ,,/shop/productdetails/1073999465/willow-vale-gourmet-food-co-truffle-bundle-2-pack
1073999464,Willow Vale Gourmet Food Co Zesty Bundle - 2 pack,$44.90 ,,/shop/productdetails/1073999464/willow-vale-gourmet-food-co-zesty-bundle-2-pack
1074000744,WuMingXiaoZu Crispy Rice Crust Pepper Chips Original Flavor 210g X 3Pack,$19.49 ,$6.50 / 1EA,/shop/productdetails/1074000744/wumingxiaozu-crispy-rice-crust-pepper-chips-original-flavor-210g-x-3pack
1074114322,YBC Lemon Pack Cream Sand Crackers 167g X 4Pack,$27.99 ,$5.60 / 1EA,/shop/productdetails/1074114322/ybc-lemon-pack-cream-sand-crackers-167g-x-4pack
1074046562,Yehuda Original Gefilte Fish 680g x 2,$43.49 ,$21.75 / 1EA,/shop/productdetails/1074046562/yehuda-original-gefilte-fish-680g-x-2
193458,Woolworths Burrito Tortillas 15 Pack,$4.50 ,$0.65 / 100G,/shop/productdetails/193458/woolworths-burrito-tortillas
19736,John West Tuna In Springwater 425g,$5.50 ,$12.94 / 1KG,/shop/productdetails/19736/john-west-tuna-in-springwater
236393,Woolworths Diced Italian Tomatoes 800g,$2.00 ,$0.25 / 100G,/shop/productdetails/236393/woolworths-diced-italian-tomatoes
43973,San Remo Thin Spaghetti No. 4 500g,$2.30 ,$0.46 / 100G,/shop/productdetails/43973/san-remo-thin-spaghetti-no-4
827213,Woolworths Tuna Mayonnaise & Corn 95g,$1.10 ,$11.58 / 1KG,/shop/productdetails/827213/woolworths-tuna-mayonnaise-corn
33156,Csr White Sugar 1kg,$2.20 ,$0.22 / 100G,/shop/productdetails/33156/csr-white-sugar
700642,Macro Organic Tomatoes Diced No Added Salt 400g,$1.80 ,$4.50 / 1KG,/shop/productdetails/700642/macro-organic-tomatoes-diced-no-added-salt
53866,Fountain Soy Sauce 250ml,$3.00 ,$1.20 / 100ML,/shop/productdetails/53866/fountain-soy-sauce
83763,Barilla Pasta Spaghetti 500g,$3.50 ,$0.70 / 100G,/shop/productdetails/83763/barilla-pasta-spaghetti-pasta-no-5
707367,Woolworths Thyme Fresh Herb 10g Punnet,$3.20 ,$3.20 / 10G,/shop/productdetails/707367/woolworths-thyme-fresh-herb
44571,Essentials Pasta Spaghetti 500g,$0.90 ,$0.18 / 100G,/shop/productdetails/44571/essentials-pasta-spaghetti
310254,Woolworths Vegetable Liquid Stock 1l,$1.90 ,$0.19 / 100ML,/shop/productdetails/310254/woolworths-vegetable-liquid-stock
83235,Deep Cove Sardines In Springwater 125g,$0.85 ,$6.80 / 1KG,/shop/productdetails/83235/deep-cove-sardines-in-springwater
18169,Essentials Raw Sugar 1kg,$1.80 ,$0.18 / 100G,/shop/productdetails/18169/essentials-raw-sugar
726360,Woolworths Walnuts Californian 450g,$9.00 ,$20.00 / 1KG,/shop/productdetails/726360/woolworths-walnuts-californian
311488,Essentials Diced Tomatoes 400g,$0.97 ,$0.24 / 100G,/shop/productdetails/311488/essentials-diced-tomatoes
708381,Safcol Responsibly Fished Tuna In Spring Water 425g,$4.65 ,$10.94 / 1KG,/shop/productdetails/708381/safcol-responsibly-fished-tuna-in-spring-water
38610,Sirena Tuna In Oil Italian Style 185g,$4.70 ,$25.41 / 1KG,/shop/productdetails/38610/sirena-tuna-in-oil-italian-style
37774,Holbrooks Sauce Worcestershire 500ml,$5.50 ,$1.10 / 100ML,/shop/productdetails/37774/holbrooks-sauce-worcestershire
198763,Lee Kum Kee Soy Sauce Premium 500ml,$3.70 ,$0.74 / 100ML,/shop/productdetails/198763/lee-kum-kee-soy-sauce-premium
85488,Sirena Tuna In Chilli Oil 95g,$2.95 ,$31.05 / 1KG,/shop/productdetails/85488/sirena-tuna-in-chilli-oil
178887,Essentials Tuna Chunks In Spring Water 185g,$1.80 ,$9.73 / 1KG,/shop/productdetails/178887/essentials-tuna-chunks-in-spring-water
887995,Woolworths Sea Salt Grinder 110g,$3.50 ,$0.32 / 10G,/shop/productdetails/887995/woolworths-sea-salt-grinder
83563,Heinz Ketchup Tomato Sauce 500ml,$4.00 ,$0.80 / 100ML,/shop/productdetails/83563/heinz-ketchup-tomato-sauce-ketchup
748595,Woolworths Uht Full Cream Milk 1l,$1.60 ,$1.60 / 1L,/shop/productdetails/748595/woolworths-uht-full-cream-milk
144821,Sirena Tuna In Springwater 95g,$2.95 ,$31.05 / 1KG,/shop/productdetails/144821/sirena-tuna-in-springwater
37250,Greenseas Tuna Chunks In Springwater 95g,$2.60 ,$27.37 / 1KG,/shop/productdetails/37250/greenseas-tuna-chunks-in-springwater-chunk-in-spring-water
281263,Vegemite Spread 150g,$3.80 ,$2.53 / 100G,/shop/productdetails/281263/vegemite-spread
726359,Woolworths Walnuts Californian 190g,$4.37 ,$23.00 / 1KG,/shop/productdetails/726359/woolworths-walnuts-californian
34331,Heinz Big Red Condensed Tomato Soup 420g,$2.00 ,$0.48 / 100G,/shop/productdetails/34331/heinz-big-red-condensed-tomato-soup-big-red-tomato
91981,Sirena Tuna In Oil Italian Style 425g,$6.50 ,$15.29 / 1KG,/shop/productdetails/91981/sirena-tuna-in-oil-italian-style
86,Pearl River Bridge Soy Sauce Superior Light 500ml,$2.80 ,$0.56 / 100ML,/shop/productdetails/86/pearl-river-bridge-soy-sauce-superior-light
230392,Ardmona Crushed Vine Ripened Tomatoes 400g,$1.80 ,$4.39 / 1KG,/shop/productdetails/230392/ardmona-crushed-vine-ripened-tomatoes
344550,Mutti Finely Chopped Tomatoes 400g,$2.30 ,$5.75 / 1KG,/shop/productdetails/344550/mutti-finely-chopped-tomatoes
726367,Woolworths Sultanas 375g,$3.00 ,$8.00 / 1KG,/shop/productdetails/726367/woolworths-sultanas
21568,Greenseas Tuna In Extra Virgin Olive Oil Blend 95g,$2.60 ,$27.37 / 1KG,/shop/productdetails/21568/greenseas-tuna-in-extra-virgin-olive-oil-blend
827217,Woolworths Tuna Tomato And Onion 95g,$1.10 ,$11.58 / 1KG,/shop/productdetails/827217/woolworths-tuna-tomato-and-onion
73716,Woolworths Double Strength White Vinegar 2l,$2.50 ,$0.13 / 100ML,/shop/productdetails/73716/woolworths-double-strength-white-vinegar
812783,Arnott's Shapes Vegemite & Cheese Cracker Biscuits 165g,$1.75 ,$1.06 / 100G,/shop/productdetails/812783/arnott-s-shapes-vegemite-cheese-cracker-biscuits
34287,Campbell's Condensed Soup Tomato 420g,$2.20 ,$0.52 / 100G,/shop/productdetails/34287/campbell-s-condensed-soup-tomato
514489,Old El Paso Taco Shells Shell 12 Pack,$4.50 ,$2.88 / 100G,/shop/productdetails/514489/old-el-paso-taco-shells-shell
41444,Campbell's Real Stock Vegetable Liquid Stock 500ml,$2.75 ,$0.55 / 100ML,/shop/productdetails/41444/campbell-s-real-stock-vegetable-liquid-stock
671173,Woolworths Taco Sauce Mild 240g,$3.15 ,$1.31 / 100G,/shop/productdetails/671173/woolworths-taco-sauce-mild
65083,Old El Paso Reduced Salt Taco Spice Mix Taco Spice Mix 30g,$2.40 ,$8.00 / 100G,/shop/productdetails/65083/old-el-paso-reduced-salt-taco-spice-mix-taco-spice-mix
218918,Woolworths Italian Peeled Tomatoes 400g,$1.10 ,$2.75 / 1KG,/shop/productdetails/218918/woolworths-italian-peeled-tomatoes
43974,San Remo Spaghetti Pasta No 5 500g,$2.30 ,$0.46 / 100G,/shop/productdetails/43974/san-remo-spaghetti-pasta-no-5
184917,Lowan Yeast Dried Instant 280g,$4.80 ,$1.71 / 100G,/shop/productdetails/184917/lowan-yeast-dried-instant
319428,Sanitarium Weet-bix Bites Wild Berry Breakfast Cereal 500g,$4.50 ,$0.90 / 100G,/shop/productdetails/319428/sanitarium-weet-bix-bites-wild-berry-breakfast-cereal
661325,Sunbeam Australian Sultanas 1kg,$9.00 ,$9.00 / 1KG,/shop/productdetails/661325/sunbeam-australian-sultanas
813764,Sea Friend Roasted Seaweed 8 Pack,$5.00 ,$12.50 / 100G,/shop/productdetails/813764/sea-friend-roasted-seaweed
57070,John West Tempters Tuna Onion & Tomato Savoury Sauce 95g,$1.35 ,$14.21 / 1KG,/shop/productdetails/57070/john-west-tempters-tuna-onion-tomato-savoury-sauce
827211,Woolworths Lemon And Pepper Tuna 95g,$1.10 ,$11.58 / 1KG,/shop/productdetails/827211/woolworths-lemon-and-pepper-tuna
757858,Fountain Tomato Sauce Reduced Sugar 500ml,$2.00 ,$0.40 / 100ML,/shop/productdetails/757858/fountain-tomato-sauce-reduced-sugar-reduced-sugar
228154,Old El Paso Stand 'n Stuff Taco Kit Mexican Style 295g,$9.50 ,$3.22 / 100G,/shop/productdetails/228154/old-el-paso-stand-n-stuff-taco-kit-mexican-style
693763,Woolworths Salmon In Springwater 95g,$1.40 ,$14.74 / 1KG,/shop/productdetails/693763/woolworths-salmon-in-springwater
47681,Woolworths Spaghetti In Tomato Sauce 420g,$0.65 ,$0.15 / 100G,/shop/productdetails/47681/woolworths-spaghetti-in-tomato-sauce
36882,Kikkoman Soy Sauce 150ml,$4.70 ,$3.13 / 100ML,/shop/productdetails/36882/kikkoman-soy-sauce
83237,Deep Cove Sardines In Oil 125g,$0.85 ,$6.80 / 1KG,/shop/productdetails/83237/deep-cove-sardines-in-oil
306969,Fountain Tomato Sauce 500ml,$2.00 ,$0.40 / 100ML,/shop/productdetails/306969/fountain-tomato-sauce-squeeze
33021,Sanitarium Weet-bix Breakfast Cereal 375g,$3.50 ,$0.93 / 100G,/shop/productdetails/33021/sanitarium-weet-bix-breakfast-cereal
172638,Campbell's Real Stock Vegetable Salt Reduced Liquid Stock 1l,$2.25 ,$0.23 / 100ML,/shop/productdetails/172638/campbell-s-real-stock-vegetable-salt-reduced-liquid-stock
39731,Sunbeam Australian Sultanas 375g,$4.50 ,$12.00 / 1KG,/shop/productdetails/39731/sunbeam-australian-sultanas
476702,Woolworths Tuna Chilli 95g,$1.10 ,$11.58 / 1KG,/shop/productdetails/476702/woolworths-tuna-chilli
18174,Essentials Raw Sugar 2kg,$3.20 ,$0.16 / 100G,/shop/productdetails/18174/essentials-raw-sugar
204373,Essentials Iodised Table Salt Drum 500g,$1.50 ,$0.03 / 10G,/shop/productdetails/204373/essentials-iodised-table-salt-drum
4897,Essentials Raw Sugar 3kg,$4.50 ,$0.15 / 100G,/shop/productdetails/4897/essentials-raw-sugar
476704,Woolworths Tuna Tomato & Basil 95g,$1.10 ,$11.58 / 1KG,/shop/productdetails/476704/woolworths-tuna-tomato-basil
629506,Heinz Spaghetti Tomato & Cheese Pasta Tin Spaghetti Multipack 300g X3 Pack,$5.40 ,$0.60 / 100G,/shop/productdetails/629506/heinz-spaghetti-tomato-cheese-pasta-tin-spaghetti-multipack
707370,Woolworths Rosemary Fresh Herb 10g Punnet,$3.20 ,$3.20 / 10G,/shop/productdetails/707370/woolworths-rosemary-fresh-herb
249574,Massel Gourmet Liquid Stock Vegetable 1l,$4.00 ,$0.40 / 100ML,/shop/productdetails/249574/massel-gourmet-liquid-stock-vegetable
730998,Pauls Zymil Lactose Free Full Cream Long Life Milk 1l,$3.00 ,$3.00 / 1L,/shop/productdetails/730998/pauls-zymil-lactose-free-full-cream-long-life-milk
187769,Spc Spaghetti Rich Tomato 420g,$1.70 ,$0.40 / 100G,/shop/productdetails/187769/spc-spaghetti-rich-tomato-rich-tomato-sauce
32766,Masterfoods Traditional Tartare Sauce 220g,$3.50 ,$1.59 / 100G,/shop/productdetails/32766/masterfoods-traditional-tartare-sauce
210693,Old El Paso Jumbo Taco Kit Mexican Style Taco Kit 345g,$9.50 ,$2.75 / 100G,/shop/productdetails/210693/old-el-paso-jumbo-taco-kit-mexican-style-taco-kit
67866,Old El Paso Fajita Tortillas 10 Pack,$4.50 ,$1.13 / 100G,/shop/productdetails/67866/old-el-paso-fajita-tortillas
103725,Kikkoman Soy Sauce Soy 600ml,$7.50 ,$1.25 / 100ML,/shop/productdetails/103725/kikkoman-soy-sauce-soy
608712,Masterfoods Reduced Salt & Sugar Tomato Sauce 475ml,$2.50 ,$0.53 / 100ML,/shop/productdetails/608712/masterfoods-reduced-salt-sugar-tomato-sauce
229400,Obento Japanese Rice Wine Vinegar 250ml,$2.60 ,$1.04 / 100ML,/shop/productdetails/229400/obento-japanese-rice-wine-vinegar
39156,Tandaco Dry Yeast 12x7g Sachets 84g,$5.50 ,$6.55 / 100G,/shop/productdetails/39156/tandaco-dry-yeast-12x7g-sachets
251228,Woolworths Thyme Leaves 12g,$1.65 ,$1.38 / 10G,/shop/productdetails/251228/woolworths-thyme-leaves
230475,Woolworths Worcestershire Sauce 250ml,,,/shop/productdetails/230475/woolworths-worcestershire-sauce
88215,Barilla Pasta Risoni 500g,,,/shop/productdetails/88215/barilla-pasta-risoni-no-26
33246,Saxa Table Salt Drum 750g,$4.50 ,$0.06 / 10G,/shop/productdetails/33246/saxa-table-salt-drum-plain
517500,Annalisa Diced Tomatoes 800g,$2.70 ,$3.38 / 1KG,/shop/productdetails/517500/annalisa-diced-tomatoes
748597,Woolworths Uht Skim Milk 1l,$1.60 ,$1.60 / 1L,/shop/productdetails/748597/woolworths-uht-skim-milk
72618,Twinings English Breakfast Tea Bags 100 Pack,$13.50 ,$0.14 / 1EA,/shop/productdetails/72618/twinings-english-breakfast-tea-bags-tea-bags
85719,Greenseas Tuna Sweet Chilli 95g,$2.60 ,$27.37 / 1KG,/shop/productdetails/85719/greenseas-tuna-sweet-chilli-sweet-chilli
93442,Old El Paso Taco Sauce Mild Taco Sauce 200g,$4.00 ,$2.00 / 100G,/shop/productdetails/93442/old-el-paso-taco-sauce-mild-taco-sauce
335936,Csr White Sugar 500g,$1.95 ,$0.39 / 100G,/shop/productdetails/335936/csr-white-sugar
758501,Essentials Iodised Salt 1kg,$2.50 ,$0.03 / 10G,/shop/productdetails/758501/essentials-iodised-salt
7733,Greenseas Tuna Lemon Pepper 95g,$2.60 ,$27.37 / 1KG,/shop/productdetails/7733/greenseas-tuna-lemon-pepper-lemon-pepper
251230,Woolworths Turmeric Ground 30g,$2.00 ,$0.67 / 10G,/shop/productdetails/251230/woolworths-turmeric-ground-ground
720977,Abc Kecap Manis Sweet Soy Sauce 275ml,$2.80 ,$1.02 / 100ML,/shop/productdetails/720977/abc-kecap-manis-sweet-soy-sauce
19145,Heinz Classic Creamy Pumpkin Soup Canned Vegetable Soup 535g,$3.90 ,$0.73 / 100G,/shop/productdetails/19145/heinz-classic-creamy-pumpkin-soup-canned-vegetable-soup
211299,John West Tempters Tuna Smoked 95g,$1.35 ,$14.21 / 1KG,/shop/productdetails/211299/john-west-tempters-tuna-smoked
185395,Obento Japanese Yaki Nori For Sushi Each,$4.00 ,$16.00 / 100G,/shop/productdetails/185395/obento-japanese-yaki-nori-for-sushi
14615,Heinz Big Red Tomato Soup For One 300g,$2.30 ,$0.77 / 100G,/shop/productdetails/14615/heinz-big-red-tomato-soup-for-one-tomato
91367,Cornwell's White Vinegar White 375ml,$2.15 ,$0.57 / 100ML,/shop/productdetails/91367/cornwell-s-white-vinegar-white
9014,Zafarelli Spaghetti No4 500g,$1.85 ,$0.37 / 100G,/shop/productdetails/9014/zafarelli-spaghetti-no4
34947,John West Wild Scottish Sardines In Extra Virgin Olive Oil 110g,$3.00 ,$27.27 / 1KG,/shop/productdetails/34947/john-west-wild-scottish-sardines-in-extra-virgin-olive-oil
4840,Kikkoman Soy Sauce Soy 1l,$11.00 ,$1.10 / 100ML,/shop/productdetails/4840/kikkoman-soy-sauce-soy
30856,Campbell's Real Stock Vegetable Liquid Stock 1l,$2.25 ,$0.23 / 100ML,/shop/productdetails/30856/campbell-s-real-stock-vegetable-liquid-stock
8675,Hoyts Sesame Seeds Jar 230g,$5.20 ,$0.23 / 10G,/shop/productdetails/8675/hoyts-sesame-seeds-jar
501763,Woolworths Sunflower Seeds 200g,$1.60 ,$8.00 / 1KG,/shop/productdetails/501763/woolworths-sunflower-seeds
195090,Moro Vinegar White Wine 500ml,$5.00 ,$1.00 / 100ML,/shop/productdetails/195090/moro-vinegar-white-wine
333915,Mission Original Tortillas 12 Pack,$4.50 ,$0.78 / 100G,/shop/productdetails/333915/mission-original-tortillas
16928,Cornwell's White Vinegar White 750ml,$3.10 ,$0.41 / 100ML,/shop/productdetails/16928/cornwell-s-white-vinegar-white
175901,Fountain Tomato Sauce Value Pack 2l,$7.50 ,$0.38 / 100ML,/shop/productdetails/175901/fountain-tomato-sauce-value-pack
146547,Pauls Zymil Lactose Free Low Fat Long Life Milk 1l,$3.00 ,$3.00 / 1L,/shop/productdetails/146547/pauls-zymil-lactose-free-low-fat-long-life-milk
2037,Old El Paso Soft Taco Dinner Kit Mexican Style 405g,$8.50 ,$2.10 / 100G,/shop/productdetails/2037/old-el-paso-soft-taco-dinner-kit-mexican-style
306497,Saxa Natural Rock Salt 500g,$2.80 ,$0.06 / 10G,/shop/productdetails/306497/saxa-natural-rock-salt-rock-salt
47682,Woolworths Baked Beans In Tomato Sauce 420g,$1.10 ,$0.26 / 100G,/shop/productdetails/47682/woolworths-baked-beans-in-tomato-sauce
887994,Woolworths Pink Himalayan Salt Grinder 110g,$3.15 ,$0.29 / 10G,/shop/productdetails/887994/woolworths-pink-himalayan-salt-grinder
7707,Greenseas Tuna Smoke Flavour 95g,$2.60 ,$27.37 / 1KG,/shop/productdetails/7707/greenseas-tuna-smoke-flavour-natural-smoked-flavour
828496,Heinz Classic Creamy Tomato Soup Canned Vegetable Soup 535g,$3.90 ,$0.73 / 100G,/shop/productdetails/828496/heinz-classic-creamy-tomato-soup-canned-vegetable-soup
310251,Woolworths Chicken Liquid Stock 1l,$1.90 ,$0.19 / 100ML,/shop/productdetails/310251/woolworths-chicken-liquid-stock
311977,Woolworths Sultanas 6 Pack,$2.00 ,$8.33 / 1KG,/shop/productdetails/311977/woolworths-sultanas
788498,A+ Snacks Seaweed 4.5g,$0.90 ,$20.00 / 100G,/shop/productdetails/788498/a-snacks-seaweed
88382,Barilla Pasta Rigatoni 500g,$3.50 ,$0.70 / 100G,/shop/productdetails/88382/barilla-pasta-rigatoni-pasta-no-89
520727,Woolworths Sundried Tomato Halves 500g,$4.50 ,$0.90 / 100G,/shop/productdetails/520727/woolworths-sundried-tomato-halves
87453,Chang's Rice Vermicelli 250g,$2.55 ,$1.02 / 100G,/shop/productdetails/87453/chang-s-rice-vermicelli
4516,Spam Ham Low Salt 340g,$5.00 ,$14.71 / 1KG,/shop/productdetails/4516/spam-ham-low-salt
34420,Holbrooks Sauce Worcestershire 250ml,$3.30 ,$1.32 / 100ML,/shop/productdetails/34420/holbrooks-sauce-worcestershire
785763,Praise Tartare Sauce 250ml,$3.50 ,$1.40 / 100ML,/shop/productdetails/785763/praise-tartare-sauce
248677,Old El Paso Mini Taco Tortillas 10 Pack,$5.00 ,$2.00 / 100G,/shop/productdetails/248677/old-el-paso-mini-taco-tortillas
750512,Heinz Classic Hearty Vegetable Soup Canned Ready Meals 535g,$3.90 ,$0.73 / 100G,/shop/productdetails/750512/heinz-classic-hearty-vegetable-soup-canned-ready-meals
230504,Woolworths Barbecue Sauce Squeeze 500ml,$1.80 ,$0.36 / 100ML,/shop/productdetails/230504/woolworths-barbecue-sauce-squeeze
46370,Old El Paso Jumbo Taco Shells Taco Shells 10 Pack,$4.40 ,$2.32 / 100G,/shop/productdetails/46370/old-el-paso-jumbo-taco-shells-taco-shells
75363,Sirena Tuna In Springwater 185g,$4.70 ,$25.41 / 1KG,/shop/productdetails/75363/sirena-tuna-in-springwater
57688,Masterfoods Marinade Teriyaki 375g,$4.00 ,$1.07 / 100G,/shop/productdetails/57688/masterfoods-marinade-teriyaki
803409,Safcol Sardines In Springwater 110g,$1.90 ,$17.27 / 1KG,/shop/productdetails/803409/safcol-sardines-in-springwater
123041,Mr Chen's Rice Wine Vinegar 250ml,$2.30 ,$0.92 / 100ML,/shop/productdetails/123041/mr-chen-s-rice-wine-vinegar
335935,Csr White Sugar Sticks 50 Pack,$3.00 ,$2.00 / 100G,/shop/productdetails/335935/csr-white-sugar-sticks
44192,Suimin Brasied Beef Noodle Cup 70g,$1.85 ,$2.64 / 100G,/shop/productdetails/44192/suimin-brasied-beef-noodle-cup
21569,Greenseas Sandwich Tuna Flakes 95g,$2.60 ,$27.37 / 1KG,/shop/productdetails/21569/greenseas-sandwich-tuna-flakes-sandwich-flakes
37808,Kikkoman Soy Sauce Soy 250ml,$5.30 ,$2.12 / 100ML,/shop/productdetails/37808/kikkoman-soy-sauce-soy
54624,Suimin Chicken Noodle Cup 70g,$1.85 ,$2.64 / 100G,/shop/productdetails/54624/suimin-chicken-noodle-cup
21724,Vegeta Vegetable Gourmet Stock Powder 250g,$4.50 ,$0.18 / 10G,/shop/productdetails/21724/vegeta-vegetable-gourmet-stock-powder
251141,Woolworths Rosemary Leaves 18g,$1.75 ,$0.97 / 10G,/shop/productdetails/251141/woolworths-rosemary-leaves
218924,Woolworths Italian Tomatoes With Onion Garlic & Basil 400g,$1.30 ,$0.33 / 100G,/shop/productdetails/218924/woolworths-italian-tomatoes-with-onion-garlic-basil
36655,Bushells Blue Label Black Tea 100 Pack,$3.85 ,$0.04 / 1EA,/shop/productdetails/36655/bushells-blue-label-black-tea
476705,Woolworths Tuna Mexican Style 95g,$1.10 ,$11.58 / 1KG,/shop/productdetails/476705/woolworths-tuna-mexican-style
27574,John West Tempters Tuna Oven Dried Tomato Basil 95g,$1.35 ,$14.21 / 1KG,/shop/productdetails/27574/john-west-tempters-tuna-oven-dried-tomato-basil
30438,Essentials Tuna In Oil 425g,$3.50 ,$8.24 / 1KG,/shop/productdetails/30438/essentials-tuna-in-oil-in-oil
54883,Sirena Tuna In Oil Chilli 185g,$4.70 ,$25.41 / 1KG,/shop/productdetails/54883/sirena-tuna-in-oil-chilli
720343,Essentials Caster Sugar 1kg,$2.20 ,$0.22 / 100G,/shop/productdetails/720343/essentials-caster-sugar
263411,John West Tuna In Olive Oil 425g,$5.50 ,$12.94 / 1KG,/shop/productdetails/263411/john-west-tuna-in-olive-oil
245573,Campbell's Chunky Soup Beef & Veg 505g,$2.25 ,$0.45 / 100G,/shop/productdetails/245573/campbell-s-chunky-soup-beef-veg
33157,Csr White Sugar 2kg,$3.40 ,$0.17 / 100G,/shop/productdetails/33157/csr-white-sugar
36493,Sunrice White Rice Premium Long Grain 1kg,$2.40 ,$0.24 / 100G,/shop/productdetails/36493/sunrice-white-rice-premium-long-grain
91105,Vetta Smart Fibre Spaghetti 500g,$2.35 ,$0.47 / 100G,/shop/productdetails/91105/vetta-smart-fibre-spaghetti
362693,Mission Tortilla Strips White Corn 230g,$3.50 ,$1.52 / 100G,/shop/productdetails/362693/mission-tortilla-strips-white-corn
360351,Woolworths Microwave Brown Rice 250g,$1.75 ,$0.70 / 100G,/shop/productdetails/360351/woolworths-microwave-brown-rice
92589,John West Tuna Tempters Zesty Vinaigrette 95g,$1.35 ,$14.21 / 1KG,/shop/productdetails/92589/john-west-tuna-tempters-zesty-vinaigrette
97722,Vegemite Salt Reduced 40% Less Salt 235g,$5.20 ,$2.21 / 100G,/shop/productdetails/97722/vegemite-salt-reduced-40-less-salt
733311,Sandhurst Tomatoes Sundried 125g,$4.80 ,$38.40 / 1KG,/shop/productdetails/733311/sandhurst-tomatoes-sundried
310694,John West Tuna Sweet Corn & Mayonnaise 95g,$1.35 ,$14.21 / 1KG,/shop/productdetails/310694/john-west-tuna-sweet-corn-mayonnaise
99696,Masterfoods Barbecue Sauce 500ml,$2.50 ,$0.50 / 100ML,/shop/productdetails/99696/masterfoods-barbecue-sauce
750176,Taylors Of Harrogate Yorkshire Tea Bags 100 Pack,$6.30 ,$0.06 / 1EA,/shop/productdetails/750176/taylors-of-harrogate-yorkshire-tea-bags
94681,Essentials Tuna In Oil 185g,$1.80 ,$9.73 / 1KG,/shop/productdetails/94681/essentials-tuna-in-oil
43115,Saxa Table Salt Picnic Pack 125g,$2.50 ,$0.20 / 10G,/shop/productdetails/43115/saxa-table-salt-picnic-pack-picnic-pack
728606,Masterfoods Aussie Farmers Tomato Sauce 500ml,$4.50 ,$0.90 / 100ML,/shop/productdetails/728606/masterfoods-aussie-farmers-tomato-sauce
103214,Double Phoenix Bean Vermicelli Noodles 200g,$1.85 ,$0.93 / 100G,/shop/productdetails/103214/double-phoenix-bean-vermicelli-noodles
33964,Spam Ham Classic 340g,,,/shop/productdetails/33964/spam-ham-classic
352043,Sunrice Quick Cups Microwave Fragrant Brown Rice 250g,$3.00 ,$1.20 / 100G,/shop/productdetails/352043/sunrice-quick-cups-microwave-fragrant-brown-rice
256881,Woolworths Vinegar White Wine 500ml,$2.50 ,$0.50 / 100ML,/shop/productdetails/256881/woolworths-vinegar-white-wine
264091,Dollar Sweets 100s & 1000s 190g,$2.30 ,$1.21 / 100G,/shop/productdetails/264091/dollar-sweets-100s-1000s
93443,Old El Paso Taco Sauce Medium Taco Sauce 200g,$4.00 ,$2.00 / 100G,/shop/productdetails/93443/old-el-paso-taco-sauce-medium-taco-sauce
360352,Woolworths Microwave White Long Grain Rice Family 450g,$2.75 ,$0.61 / 100G,/shop/productdetails/360352/woolworths-microwave-white-long-grain-rice-family
779130,Woolworths Soy Milk 1l,$1.15 ,$1.15 / 1L,/shop/productdetails/779130/woolworths-soy-milk
20749,Heinz Classic Country Chicken Soup Canned Soup Ready Meals 535g,$3.90 ,$0.73 / 100G,/shop/productdetails/20749/heinz-classic-country-chicken-soup-canned-soup-ready-meals
158436,Heinz Spaghetti Multipack Pasta Tinned Spaghetti 220g X3 Pack,$4.90 ,$0.74 / 100G,/shop/productdetails/158436/heinz-spaghetti-multipack-pasta-tinned-spaghetti
25671,Cornwell's White Vinegar White 2l,$4.10 ,$0.21 / 100ML,/shop/productdetails/25671/cornwell-s-white-vinegar-white
215450,Macro Organic Spaghetti Pasta 500g,$1.65 ,$0.33 / 100G,/shop/productdetails/215450/macro-organic-spaghetti-pasta
64837,Woolworths Tuna Laksa 95g,$1.10 ,$11.58 / 1KG,/shop/productdetails/64837/woolworths-tuna-laksa
748596,Woolworths Uht Lite Milk 1l,$1.60 ,$1.60 / 1L,/shop/productdetails/748596/woolworths-uht-lite-milk
36630,Csr Raw Sugar 1kg,$2.80 ,$0.28 / 100G,/shop/productdetails/36630/csr-raw-sugar
30825,Campbell's Real Stock Beef Liquid Stock 1l,$2.25 ,$0.23 / 100ML,/shop/productdetails/30825/campbell-s-real-stock-beef-liquid-stock
29348,Mayver's Hulled Tahini Spread 385g,$6.50 ,$1.69 / 100G,/shop/productdetails/29348/mayver-s-hulled-tahini-spread
9297,Beerenberg Tomato Sauce 300ml,$5.20 ,$1.73 / 100ML,/shop/productdetails/9297/beerenberg-tomato-sauce
263251,Obento Japanese Noodles Udon 200g,$1.55 ,$0.78 / 100G,/shop/productdetails/263251/obento-japanese-noodles-udon
251222,Woolworths Sumac Ground 40g,$2.80 ,$0.70 / 10G,/shop/productdetails/251222/woolworths-sumac-ground
24811,Brunswick Sardines In Springwater No Added Salt 106g,$2.90 ,$27.36 / 1KG,/shop/productdetails/24811/brunswick-sardines-in-springwater-no-added-salt
498331,Csr Raw Sugar Sticks 50 Pack 150g,$3.10 ,$2.07 / 100G,/shop/productdetails/498331/csr-raw-sugar-sticks
15391,Tandaco Dry Yeast 5x7g Sachets 35g,$2.80 ,$8.00 / 100G,/shop/productdetails/15391/tandaco-dry-yeast-5x7g-sachets
263414,John West Salmon Tempters In Springwater 95g,$2.90 ,$30.53 / 1KG,/shop/productdetails/263414/john-west-salmon-tempters-in-springwater
246335,Brunswick Sardines In Olive Oil 106g,$2.90 ,$27.36 / 1KG,/shop/productdetails/246335/brunswick-sardines-in-olive-oil
42937,Vitasoy Calci Plus Soy Milk 1l,$3.00 ,$3.00 / 1L,/shop/productdetails/42937/vitasoy-calci-plus-soy-milk
371052,Sunrice Quick Cups Microwave Fragrant Jasmine Rice 250g,$3.00 ,$1.20 / 100G,/shop/productdetails/371052/sunrice-quick-cups-microwave-fragrant-jasmine-rice
77750,Campbell's Real Stock Chicken Liquid Stock 1l,$2.25 ,$0.23 / 100ML,/shop/productdetails/77750/campbell-s-real-stock-chicken-liquid-stock
803728,Safcol Sardines In Oil 110g,$1.90 ,$17.27 / 1KG,/shop/productdetails/803728/safcol-sardines-in-oil
113228,Tiao Hu Soy Sauce 500ml,$1.90 ,$0.38 / 100ML,/shop/productdetails/113228/tiao-hu-soy-sauce
33245,Saxa Iodised Table Salt Shaker 750g,$4.50 ,$0.06 / 10G,/shop/productdetails/33245/saxa-iodised-table-salt-shaker
252148,Lea & Perrins Worcestershire Sauce 290ml,$5.00 ,$1.72 / 100ML,/shop/productdetails/252148/lea-perrins-worcestershire-sauce
346833,Woolworths Pasta Spirals 500g,$1.00 ,$0.20 / 100G,/shop/productdetails/346833/woolworths-pasta-spirals
93054,San Remo Rigatoni Pasta No 22 500g,$2.30 ,$0.46 / 100G,/shop/productdetails/93054/san-remo-rigatoni-pasta-no-22
450687,Leggo's Bolognese - Chunky Tomato Garlic & Herbs Pasta Sauce 500g,$4.30 ,$0.86 / 100G,/shop/productdetails/450687/leggo-s-bolognese-chunky-tomato-garlic-herbs-pasta-sauce
335845,Old El Paso Family Tortillas Fajita 16 Pack,$5.85 ,$0.91 / 100G,/shop/productdetails/335845/old-el-paso-family-tortillas-fajita
707369,Woolworths Sage Fresh Herb 10g Punnet,,,/shop/productdetails/707369/woolworths-sage-fresh-herb
235198,Ardmona Whole Peeled Vine Ripened Tomatoes 400g,$1.80 ,$4.50 / 1KG,/shop/productdetails/235198/ardmona-whole-peeled-vine-ripened-tomatoes
37810,Annalisa Tomatoes Peeled 400g,$1.70 ,$4.25 / 1KG,/shop/productdetails/37810/annalisa-tomatoes-peeled
79077,Heinz Big Red Salt Reduced Condensed Tomato Soup 420g,$2.00 ,$0.48 / 100G,/shop/productdetails/79077/heinz-big-red-salt-reduced-condensed-tomato-soup
587911,Lipton Quality Black Tea Bags 100 Pack,$4.00 ,$0.04 / 1EA,/shop/productdetails/587911/lipton-quality-black-tea-bags
306494,Saxa Iodised Cooking Salt 1kg,$2.20 ,$0.02 / 10G,/shop/productdetails/306494/saxa-iodised-cooking-salt-iodised
92591,Essentials Tuna In Brine 425g,$3.50 ,$8.24 / 1KG,/shop/productdetails/92591/essentials-tuna-in-brine
85730,Old El Paso Fajitas Tortillas 6 Pack,$4.00 ,$1.67 / 100G,/shop/productdetails/85730/old-el-paso-fajitas-tortillas
661322,Sunbeam Australian Sultanas Mini 8 Pack,$3.20 ,$26.67 / 1KG,/shop/productdetails/661322/sunbeam-australian-sultanas-mini
247302,Spc Spaghetti Rich Tomato 4 X 220g,$6.00 ,$0.68 / 100G,/shop/productdetails/247302/spc-spaghetti-rich-tomato-rich-tomato-sauce
715636,John West Salmon Tempters In Olive Oil 95g,$2.90 ,$30.53 / 1KG,/shop/productdetails/715636/john-west-salmon-tempters-in-olive-oil
21662,Zooper Dooper 8 Cosmic Flavours 24 Pack,$6.50 ,$0.39 / 100ML,/shop/productdetails/21662/zooper-dooper-8-cosmic-flavours
131559,Mutti Parma Polpa Finely Chopped Tomatoes 790g,$4.30 ,$5.44 / 1KG,/shop/productdetails/131559/mutti-parma-polpa-finely-chopped-tomatoes
92922,Podravka Vegeta Vegetable Gourmet Stock Powder 500g,$5.00 ,$0.10 / 10G,/shop/productdetails/92922/podravka-vegeta-vegetable-gourmet-stock-powder
35399,Masterfoods Thyme Leaves 10g,$2.70 ,$2.70 / 10G,/shop/productdetails/35399/masterfoods-thyme-leaves
310253,Woolworths Beef Liquid Stock 1l,$1.90 ,$0.19 / 100ML,/shop/productdetails/310253/woolworths-beef-liquid-stock
334639,Woolworths Pepper Grinder Black Peppercorn 50g,$3.50 ,$0.70 / 10G,/shop/productdetails/334639/woolworths-pepper-grinder-black-peppercorn
220697,Woolworths Salmon Pink 415g,$5.50 ,$13.25 / 1KG,/shop/productdetails/220697/woolworths-salmon-pink
13170,Spc Spag-a-saurus Tomato & Cheese 420g,$1.70 ,$0.40 / 100G,/shop/productdetails/13170/spc-spag-a-saurus-tomato-cheese-spagasaurus-shapes
24318,Sanitarium So Good Long Life Regular Soy Milk 1l,$2.20 ,$2.20 / 1L,/shop/productdetails/24318/sanitarium-so-good-long-life-regular-soy-milk
360343,Woolworths Microwave Long Grain White Rice 250g,$1.75 ,$0.70 / 100G,/shop/productdetails/360343/woolworths-microwave-long-grain-white-rice
808420,La Gina Diced Tomatoes 400g,$1.80 ,$0.45 / 100G,/shop/productdetails/808420/la-gina-diced-tomatoes
34435,Masterfoods Seafood Cocktail Sauce 260g,$3.50 ,$1.35 / 100G,/shop/productdetails/34435/masterfoods-seafood-cocktail-sauce
3356,Old El Paso Thick 'n Chunky Salsa Mild Thick & Chunky 375g,$4.40 ,$1.17 / 100G,/shop/productdetails/3356/old-el-paso-thick-n-chunky-salsa-mild-thick-chunky
663986,John West Tuna Tempters Sweet Chilli 95g,$1.35 ,$14.21 / 1KG,/shop/productdetails/663986/john-west-tuna-tempters-sweet-chilli
226270,Saxa Iodised Sea Salt Grinder 90g,$5.50 ,$0.61 / 10G,/shop/productdetails/226270/saxa-iodised-sea-salt-grinder-grinder
113847,Heinz Big Red Condensed Tomato Soup 820g,$3.90 ,$0.48 / 100G,/shop/productdetails/113847/heinz-big-red-condensed-tomato-soup-big-red-tomato
263255,Obento Japanese Seasoning Sushi 250ml,$3.60 ,$1.44 / 100ML,/shop/productdetails/263255/obento-japanese-seasoning-sushi
8386,Old El Paso Family Taco Shell 202g,$6.00 ,$2.97 / 100G,/shop/productdetails/8386/old-el-paso-family-taco-shell
141858,Queen Imitation Flavouring Vanilla 300ml,$3.00 ,$1.00 / 100ML,/shop/productdetails/141858/queen-imitation-flavouring-vanilla
63005,La Gina Italian Tomato Paste Passata 680g,$2.20 ,$0.32 / 100G,/shop/productdetails/63005/la-gina-italian-tomato-paste-passata
307818,Dollar Sweets Sprinkles Magic 100s & 1000s 350g,$4.50 ,$1.29 / 100G,/shop/productdetails/307818/dollar-sweets-sprinkles-magic-100s-1000s
801522,Sirena Brown Rice & Quinoa With Tuna 170g,$4.30 ,$25.29 / 1KG,/shop/productdetails/801522/sirena-brown-rice-quinoa-with-tuna
33129,Tabasco Chilli Sauce Red Pepper 60ml,$4.70 ,$7.83 / 100ML,/shop/productdetails/33129/tabasco-chilli-sauce-red-pepper
167626,Heinz Big N Chunky Beef & Vegetable Soup Veggie Ready Meals 535g,$3.90 ,$0.73 / 100G,/shop/productdetails/167626/heinz-big-n-chunky-beef-vegetable-soup-veggie-ready-meals
466062,Sunbeam Yoghurt Coated Sultanas 180g,$5.00 ,$27.78 / 1KG,/shop/productdetails/466062/sunbeam-yoghurt-coated-sultanas
37391,Csr Raw Sugar 2kg,$4.40 ,$0.22 / 100G,/shop/productdetails/37391/csr-raw-sugar
431062,Sanitarium Weet-bix Blends Multi-grain+ Breakfast Cereal 860g,$8.00 ,$0.93 / 100G,/shop/productdetails/431062/sanitarium-weet-bix-blends-multi-grain-breakfast-cereal
340431,Sirena Tuna Basil Infused Oil 95g,$2.95 ,$31.05 / 1KG,/shop/productdetails/340431/sirena-tuna-basil-infused-oil
318603,Kikkoman Tamari Soy Sauce 250ml,$5.40 ,$2.16 / 100ML,/shop/productdetails/318603/kikkoman-tamari-soy-sauce
574821,Tetley Tea Bags 100 Pack,$3.80 ,$0.04 / 1EA,/shop/productdetails/574821/tetley-tea-bags
229234,Pandaroo Sushi Rice 1kg,$5.50 ,$0.55 / 100G,/shop/productdetails/229234/pandaroo-sushi-rice
211318,Sirena Tuna In Oil With Lemon Pepper 95g,$2.95 ,$31.05 / 1KG,/shop/productdetails/211318/sirena-tuna-in-oil-with-lemon-pepper
742407,Ozesauce Tomato Sauce 500ml,$3.70 ,$0.74 / 100ML,/shop/productdetails/742407/ozesauce-tomato-sauce
941588,Woolworths Yellowfin Tuna In Springwater 185g,$2.00 ,$10.81 / 1KG,/shop/productdetails/941588/woolworths-yellowfin-tuna-in-springwater
41946,Twinings English Breakfast Tea Bags 10 Pack,$2.00 ,$0.20 / 1EA,/shop/productdetails/41946/twinings-english-breakfast-tea-bags-tea-bags
812784,Arnott's Shapes Multipack Crackers Vegemite & Cheese 8 Pack,$4.50 ,$2.25 / 100G,/shop/productdetails/812784/arnott-s-shapes-multipack-crackers-vegemite-cheese
263409,Sirena Tuna La Vita Lite In Oil 95g,$2.95 ,$31.05 / 1KG,/shop/productdetails/263409/sirena-tuna-la-vita-lite-in-oil
360348,Woolworths Microwave Basmati Rice 250g,$1.75 ,$0.70 / 100G,/shop/productdetails/360348/woolworths-microwave-basmati-rice
94699,Essentials Packet Soup Mix French Onion 40g,$0.45 ,$1.13 / 100G,/shop/productdetails/94699/essentials-packet-soup-mix-french-onion
94624,Hoyts Thyme 15g,$1.60 ,$1.07 / 10G,/shop/productdetails/94624/hoyts-thyme
88057,Barilla Pasta Spaghettini 500g,$3.50 ,$0.70 / 100G,/shop/productdetails/88057/barilla-pasta-spaghettini-spaghettini-pasta-no-3
799811,Woolworths Free From Lactose Full Cream Milk 1l,$2.00 ,$2.00 / 1L,/shop/productdetails/799811/woolworths-free-from-lactose-full-cream-milk
188056,Heinz Spaghetti The Lil' One Multipack 130g X4 Pack,$5.70 ,$1.10 / 100G,/shop/productdetails/188056/heinz-spaghetti-the-lil-one-multipack
290300,Mutti Cherry Tomatoes 400g,$1.90 ,$4.75 / 1KG,/shop/productdetails/290300/mutti-cherry-tomatoes
758377,Dolmio Traditional Recipe Tomato & Basil Pasta Sauce 500g,$2.50 ,$0.50 / 100G,/shop/productdetails/758377/dolmio-traditional-recipe-tomato-basil-pasta-sauce
552488,Woolworths Brown Rice Microwave Cups 2 Pack,$2.20 ,$0.88 / 100G,/shop/productdetails/552488/woolworths-brown-rice-microwave-cups
226836,Ardmona Rich & Thick Diced Tomatoes With Paste Basil & Garlic 410g,$2.20 ,$5.37 / 1KG,/shop/productdetails/226836/ardmona-rich-thick-diced-tomatoes-with-paste-basil-garlic
844371,Heinz Ketchup Tomato Sauce 220ml,$2.20 ,$1.00 / 100ML,/shop/productdetails/844371/heinz-ketchup-tomato-sauce-tomato-ketchup
59706,Starbucks By Nespresso House Blend Coffee Pods 10 Pack,$7.90 ,$0.79 / 1EA,/shop/productdetails/59706/starbucks-by-nespresso-house-blend-coffee-pods
629207,Wattie's Spaghetti In Tomato Sauce 420g,$2.20 ,$0.52 / 100G,/shop/productdetails/629207/wattie-s-spaghetti-in-tomato-sauce-in-tomato-sauce
319333,Sanitarium Weet-bix Bites Crunchy Honey Breakfast Cereal 510g,$4.50 ,$0.88 / 100G,/shop/productdetails/319333/sanitarium-weet-bix-bites-crunchy-honey-breakfast-cereal
63667,Saxa Picnic Pack Iodised Table Salt 125g,$2.50 ,$0.20 / 10G,/shop/productdetails/63667/saxa-picnic-pack-iodised-table-salt
701255,"Twinings Strawberry, Raspberry & Loganberry Tea Bags 10 Pack",$2.00 ,$0.20 / 1EA,/shop/productdetails/701255/twinings-strawberry-raspberry-loganberry-tea-bags
505355,Massel 7's Cubes Gluten Free Vegetable 35g,$1.00 ,$0.29 / 10G,/shop/productdetails/505355/massel-7-s-cubes-gluten-free-vegetable
142976,Sanitarium Weet-bix Little Kids Essentials Breakfast Cereal 400g,$4.50 ,$1.13 / 100G,/shop/productdetails/142976/sanitarium-weet-bix-little-kids-essentials-breakfast-cereal
693762,Woolworths Salmon Naturally Smoked 95g,$1.40 ,$14.74 / 1KG,/shop/productdetails/693762/woolworths-salmon-naturally-smoked
787266,Old El Paso Stand 'n Stuff Soft Taco Kit Mexican Style 348g,$9.50 ,$2.73 / 100G,/shop/productdetails/787266/old-el-paso-stand-n-stuff-soft-taco-kit-mexican-style
758381,Kan Tong Peanut Satay Stir Fry Cooking Sauce 505g,$3.00 ,$0.59 / 100G,/shop/productdetails/758381/kan-tong-peanut-satay-stir-fry-cooking-sauce
733305,Sandhurst Sauerkraut 500g,$4.50 ,$9.00 / 1KG,/shop/productdetails/733305/sandhurst-sauerkraut
56290,Twinings Lemon & Ginger Tea Bags 10 Pack 15g,$2.00 ,$0.20 / 1EA,/shop/productdetails/56290/twinings-lemon-ginger-tea-bags
941590,Woolworths Yellowfin Tuna In Oil 185g,$2.00 ,$10.81 / 1KG,/shop/productdetails/941590/woolworths-yellowfin-tuna-in-oil
252264,John West Tuna Tempters Mango Chilli 95g,$1.35 ,$14.21 / 1KG,/shop/productdetails/252264/john-west-tuna-tempters-mango-chilli
113792,Heinz Classic Italian Minestrone Soup 535g,$3.90 ,$0.73 / 100G,/shop/productdetails/113792/heinz-classic-italian-minestrone-soup
26649,Continental Cup A Soup Creamy Chicken With Lots Of Noodles 2 Pack,$2.80 ,$4.67 / 100G,/shop/productdetails/26649/continental-cup-a-soup-creamy-chicken-with-lots-of-noodles
135984,John West Tempters Tuna Mild Indian Curry 95g,$1.35 ,$14.21 / 1KG,/shop/productdetails/135984/john-west-tempters-tuna-mild-indian-curry
186411,Massel Stock Powder Vegetable 168g,$3.75 ,$0.22 / 10G,/shop/productdetails/186411/massel-stock-powder-vegetable
289996,Lucky Crumbed Walnuts 125g,$3.30 ,$26.40 / 1KG,/shop/productdetails/289996/lucky-crumbed-walnuts
66161,Spring Gully Worcestershire Sauce 250ml,$2.75 ,$1.10 / 100ML,/shop/productdetails/66161/spring-gully-worcestershire-sauce
829281,Twinings English Breakfast Extra Strong Tea Bags 80 Pack,$13.50 ,$0.17 / 1EA,/shop/productdetails/829281/twinings-english-breakfast-extra-strong-tea-bags
701332,Twinings Camomile Honey & Vanilla Tea Bags 10 Pack 15g,$2.00 ,$0.20 / 1EA,/shop/productdetails/701332/twinings-camomile-honey-vanilla-tea-bags
72779,Woolworths White Rice Long Grain 5kg,,,/shop/productdetails/72779/woolworths-white-rice-long-grain
58970,Twinings Pure Peppermint Tea Bags 10 Pack,$2.00 ,$0.20 / 1EA,/shop/productdetails/58970/twinings-pure-peppermint-tea-bags-tea-bags
83236,Deep Cove Sardines In Tomato Sauce 125g,$0.85 ,$6.80 / 1KG,/shop/productdetails/83236/deep-cove-sardines-in-tomato-sauce
861530,Sunrice Koshihikari Sushi Rice 750g,$5.00 ,$0.67 / 100G,/shop/productdetails/861530/sunrice-koshihikari-sushi-rice
360346,Woolworths Microwave Jasmine Rice 250g,$1.75 ,$0.70 / 100G,/shop/productdetails/360346/woolworths-microwave-jasmine-rice
802544,Sirena Italian Style Salad With Tuna 170g,$4.30 ,$25.29 / 1KG,/shop/productdetails/802544/sirena-italian-style-salad-with-tuna
54429,S&b Japanese Wasabi Tube Paste 43g,$3.30 ,$7.67 / 100G,/shop/productdetails/54429/s-b-japanese-wasabi-tube-paste
207915,Rosella Tomato Sauce Squeezie 500ml,$3.30 ,$0.66 / 100ML,/shop/productdetails/207915/rosella-tomato-sauce-squeezie
574823,Tetley Extra Strong Tea Bags 100 Pack,$4.60 ,$0.05 / 1EA,/shop/productdetails/574823/tetley-extra-strong-tea-bags
310675,Vitasoy Oat Milk 1l,$3.30 ,$3.30 / 1L,/shop/productdetails/310675/vitasoy-oat-milk
68343,Macro Organic Wholemeal Spaghetti 500g,$1.65 ,$0.33 / 100G,/shop/productdetails/68343/macro-organic-wholemeal-spaghetti
710986,Heinz Seriously Good Creamy Tartare Sauce 295ml,$5.50 ,$1.86 / 100ML,/shop/productdetails/710986/heinz-seriously-good-creamy-tartare-sauce
319430,Sanitarium Weet-bix Bites Apricot Breakfast Cereal 500g,$4.50 ,$0.90 / 100G,/shop/productdetails/319430/sanitarium-weet-bix-bites-apricot-breakfast-cereal
757526,Gravox White Sauce Mix 29g,$1.50 ,$0.52 / 10G,/shop/productdetails/757526/gravox-white-sauce-mix-white-sauce-smooth-creamy
780922,Woolworths Salsa Chunky Mild 375g,$3.50 ,$0.93 / 100G,/shop/productdetails/780922/woolworths-salsa-chunky-mild
34046,Continental Simmer Soup Spring Vegetable 30g,$1.70 ,$5.67 / 100G,/shop/productdetails/34046/continental-simmer-soup-spring-vegetable
105557,Vegemite Squeezy 350g,$7.00 ,$2.00 / 100G,/shop/productdetails/105557/vegemite-squeezy
794875,Sanitarium Weet-bix Gluten Free Breakfast Cereal 375g,$4.80 ,$1.28 / 100G,/shop/productdetails/794875/sanitarium-weet-bix-gluten-free-breakfast-cereal
326,Essentials Chunky Pasta Sauce 700g,$2.50 ,$0.36 / 100G,/shop/productdetails/326/essentials-chunky-pasta-sauce
224190,"Heinz Big N Chunky Bacon, Steak, Potato Soup 535g",$3.90 ,$0.73 / 100G,/shop/productdetails/224190/heinz-big-n-chunky-bacon-steak-potato-soup
352041,Sunrice Quick Cups Microwave Long Grain White Rice 250g,$3.00 ,$1.20 / 100G,/shop/productdetails/352041/sunrice-quick-cups-microwave-long-grain-white-rice
29372,Greenseas Tuna Chunks In Springwater 425g,$5.00 ,$11.76 / 1KG,/shop/productdetails/29372/greenseas-tuna-chunks-in-springwater-in-spring-water
123484,Mr Chen's Teriyaki Sauce 250ml,$2.85 ,$1.14 / 100ML,/shop/productdetails/123484/mr-chen-s-teriyaki-sauce
840274,Vegemite Gluten Free Spread 235g,$5.20 ,$2.21 / 100G,/shop/productdetails/840274/vegemite-gluten-free-spread
379736,Mission White Corn Gluten-free Tortillas 12 Pack,,,/shop/productdetails/379736/mission-white-corn-gluten-free-tortillas
624768,Heinz Spaghetti In Tomato Sauce Pasta Tinned Spaghetti 300g,$2.80 ,$0.93 / 100G,/shop/productdetails/624768/heinz-spaghetti-in-tomato-sauce-pasta-tinned-spaghetti
371049,Sunrice Steamed Rice Basmati 2 Quick Cups 240g,$3.00 ,$1.25 / 100G,/shop/productdetails/371049/sunrice-steamed-rice-basmati-2-quick-cups
134338,Mutti Polpa Chopped Tomatoes Organic 400g,$1.90 ,$4.75 / 1KG,/shop/productdetails/134338/mutti-polpa-chopped-tomatoes-organic
72472,John West Salmon Tempters Lemon & Cracked Pepper 95g,$2.90 ,$30.53 / 1KG,/shop/productdetails/72472/john-west-salmon-tempters-lemon-cracked-pepper
34980,John West Sardines In Tomato Sauce 110g,$3.00 ,$27.27 / 1KG,/shop/productdetails/34980/john-west-sardines-in-tomato-sauce
163996,Whole Earth Stevia Sugar Replacement Super Valuepack 350g,$6.90 ,$1.97 / 100G,/shop/productdetails/163996/whole-earth-stevia-sugar-replacement-super-valuepack
21358,Massel Ultra Ultracubes Vegetable 105g,$3.00 ,$0.29 / 10G,/shop/productdetails/21358/massel-ultra-ultracubes-vegetable
157954,John West Calcium Rich Tuna Olive Oil Blend 90g,$2.00 ,$22.22 / 1KG,/shop/productdetails/157954/john-west-calcium-rich-tuna-olive-oil-blend
35946,Masterfoods Sesame Seeds 37g,$3.15 ,$0.85 / 10G,/shop/productdetails/35946/masterfoods-sesame-seeds
259399,Woolworths Chickpeas No Added Salt 420g,$1.00 ,$0.24 / 100G,/shop/productdetails/259399/woolworths-chickpeas-no-added-salt
36447,Campbell's Condensed Soup Split Pea & Ham 420g,$2.20 ,$0.52 / 100G,/shop/productdetails/36447/campbell-s-condensed-soup-split-pea-ham
601342,Woolworths Jasmine Rice 1kg,$3.35 ,$0.34 / 100G,/shop/productdetails/601342/woolworths-jasmine-rice
215466,Macro Organic Raw Sugar Organic 1kg,$2.55 ,$0.26 / 100G,/shop/productdetails/215466/macro-organic-raw-sugar-organic
319493,Sirena Tuna La Vita Lite Chilli 95g,$2.95 ,$31.05 / 1KG,/shop/productdetails/319493/sirena-tuna-la-vita-lite-chilli
72540,John West Salmon Tempters Naturally Smoked 95g,$2.90 ,$30.53 / 1KG,/shop/productdetails/72540/john-west-salmon-tempters-naturally-smoked
720342,Essentials Brown Sugar 1kg,$3.40 ,$0.34 / 100G,/shop/productdetails/720342/essentials-brown-sugar
694751,Essentials Coconut Milk 400ml,$0.95 ,$0.24 / 100ML,/shop/productdetails/694751/essentials-coconut-milk
113025,Pauls Zymil Skim Uht Milk 1l,$3.00 ,$3.00 / 1L,/shop/productdetails/113025/pauls-zymil-skim-uht-milk
257375,Sirena Tuna Slices In Oil Italian Style 125g,$3.90 ,$31.20 / 1KG,/shop/productdetails/257375/sirena-tuna-slices-in-oil-italian-style
170152,Sirena Tuna Soy & Ginger 95g,$2.95 ,$31.05 / 1KG,/shop/productdetails/170152/sirena-tuna-soy-ginger
53333,Wai Wai Rice Vermicelli 200g,$2.25 ,$1.13 / 100G,/shop/productdetails/53333/wai-wai-rice-vermicelli
114407,Just Rooibos African Tea Bags 40 Pack,$7.00 ,$0.18 / 1EA,/shop/productdetails/114407/just-rooibos-african-tea-bags
37419,Queen Organic Vanilla Extract 50ml,$4.00 ,$0.80 / 10ML,/shop/productdetails/37419/queen-organic-vanilla-extract
43975,San Remo Spaghetti Tube Pasta No 6 500g,$2.30 ,$0.46 / 100G,/shop/productdetails/43975/san-remo-spaghetti-tube-pasta-no-6
717631,Macro Organic Quinoa Tri Colour 500g,$6.59 ,$1.32 / 100G,/shop/productdetails/717631/macro-organic-quinoa-tri-colour
188800,Essentials Pasta Penne 500g,$0.90 ,$0.18 / 100G,/shop/productdetails/188800/essentials-pasta-penne
54778,Fountain Satay Sauce 250ml,$3.00 ,$1.20 / 100ML,/shop/productdetails/54778/fountain-satay-sauce
230220,Uncle Tobys Vita Weeties Breakfast Cereal Weeties 700g,$7.00 ,$1.00 / 100G,/shop/productdetails/230220/uncle-tobys-vita-weeties-breakfast-cereal-weeties
694550,Woolworths Basmati Rice 1kg,$4.00 ,$0.40 / 100G,/shop/productdetails/694550/woolworths-basmati-rice
38022,Csr Caster Sugar 1kg,$3.00 ,$0.30 / 100G,/shop/productdetails/38022/csr-caster-sugar
563001,Woolworths Pineapple Slices In Juice 425g,$1.65 ,$3.88 / 1KG,/shop/productdetails/563001/woolworths-pineapple-slices-in-juice
941584,Woolworths Yellowfin Tuna In Oil 95g,$1.30 ,$13.68 / 1KG,/shop/productdetails/941584/woolworths-yellowfin-tuna-in-oil
44194,Suimin Chicken & Prawn Noodle Cup 70g,$1.85 ,$2.64 / 100G,/shop/productdetails/44194/suimin-chicken-prawn-noodle-cup
26995,Taylor's Simmer Sauce Peanut Satay 525g,$4.80 ,$0.91 / 100G,/shop/productdetails/26995/taylor-s-simmer-sauce-peanut-satay
91922,Trident Instant Soup Thai Tom Yum Goong With Noodle 50g,$1.25 ,$2.50 / 100G,/shop/productdetails/91922/trident-instant-soup-thai-tom-yum-goong-with-noodle
142081,Saxa Natural Sea Salt Grinder 90g,$5.50 ,$0.61 / 10G,/shop/productdetails/142081/saxa-natural-sea-salt-grinder-salt-grinder
38963,Val Verde Passata Sauce 700g,$2.50 ,$0.36 / 100G,/shop/productdetails/38963/val-verde-passata-sauce
569804,Woolworths Diced Italian Tomatoes Basil & Oregano 400g,$1.30 ,$3.25 / 1KG,/shop/productdetails/569804/woolworths-diced-italian-tomatoes-basil-oregano
230649,Ardmona Rich & Thick Diced Tomatoes With Paste Classic 410g,$2.20 ,$5.37 / 1KG,/shop/productdetails/230649/ardmona-rich-thick-diced-tomatoes-with-paste-classic
212841,Vitasoy Soy Milky Lite 1l,$2.45 ,$2.45 / 1L,/shop/productdetails/212841/vitasoy-soy-milky-lite
11062,Ayam Teriyaki Sauce 210ml,$4.00 ,$1.90 / 100ML,/shop/productdetails/11062/ayam-teriyaki-sauce
51632,Masterfoods Marinade Satay 375g,$4.00 ,$1.07 / 100G,/shop/productdetails/51632/masterfoods-marinade-satay
365936,Woolworths Sweetener Tablets 300 Pack,$3.00 ,$1.00 / 100EA,/shop/productdetails/365936/woolworths-sweetener-tablets
53367,Tabasco Chilli Sauce Red Pepper 150ml,$9.50 ,$6.33 / 100ML,/shop/productdetails/53367/tabasco-chilli-sauce-red-pepper
218926,Woolworths Corn Sweet Kernels 420g,$1.10 ,$2.62 / 1KG,/shop/productdetails/218926/woolworths-corn-sweet-kernels
306486,Saxa Natural Australian Salt Traditional Cooking Seasoning 2kg,$3.50 ,$0.02 / 10G,/shop/productdetails/306486/saxa-natural-australian-salt-traditional-cooking-seasoning
224203,Heinz Big N Chunky Beef Stockpot Soup 535g,$3.90 ,$0.73 / 100G,/shop/productdetails/224203/heinz-big-n-chunky-beef-stockpot-soup
429224,John West Fiery Jalapeno Tuna 95g,$1.35 ,$14.21 / 1KG,/shop/productdetails/429224/john-west-fiery-jalapeno-tuna
218570,Sirena Tuna In Puttanesca 95g,$2.95 ,$31.05 / 1KG,/shop/productdetails/218570/sirena-tuna-in-puttanesca
177190,Sunbeam Sultanas & Apple 6 Pack,$4.00 ,$26.67 / 1KG,/shop/productdetails/177190/sunbeam-sultanas-apple
445775,Saxa Natural Pink Himalayan Rock Salt 500g,$5.00 ,$0.10 / 10G,/shop/productdetails/445775/saxa-natural-pink-himalayan-rock-salt
780549,Woolworths Tortilla Jumbo 6 Pack,$4.50 ,$1.00 / 100G,/shop/productdetails/780549/woolworths-tortilla-jumbo
210714,Hakubaku Organic Japanese Soba Buckwheat Noodles 98% Ff 270g,$4.00 ,$1.48 / 100G,/shop/productdetails/210714/hakubaku-organic-japanese-soba-buckwheat-noodles-98-ff
123365,Mr Chen's Soy Sauce 250ml,$2.85 ,$1.14 / 100ML,/shop/productdetails/123365/mr-chen-s-soy-sauce
70728,Old El Paso Thick 'n Chunky Salsa Medium Thick & Chunky 375g,$4.40 ,$1.17 / 100G,/shop/productdetails/70728/old-el-paso-thick-n-chunky-salsa-medium-thick-chunky
306488,Saxa All Natural Rock Salt 1kg,,,/shop/productdetails/306488/saxa-all-natural-rock-salt-rock-salt
68468,Csr Raw Sugar 500g,$2.00 ,$0.40 / 100G,/shop/productdetails/68468/csr-raw-sugar
745435,Wai Wai Bihoon Rice Vermicelli 10x50g,$4.10 ,$0.82 / 100G,/shop/productdetails/745435/wai-wai-bihoon-rice-vermicelli
98523,John West Sardines In Spring Water 110g,$3.00 ,$27.27 / 1KG,/shop/productdetails/98523/john-west-sardines-in-spring-water
143014,Queen Natural Vanilla Extract 150ml,$10.00 ,$6.67 / 100ML,/shop/productdetails/143014/queen-natural-vanilla-extract
758286,Dolmio Extra Bolognese Tomato Pasta Sauce 500g,$3.50 ,$0.70 / 100G,/shop/productdetails/758286/dolmio-extra-bolognese-tomato-pasta-sauce
204839,Heinz Classic Chicken & Sweetcorn Soup 535g,$3.90 ,$0.73 / 100G,/shop/productdetails/204839/heinz-classic-chicken-sweetcorn-soup
655419,Huy Fong Sriracha Hot Chilli Sauce 266ml,,,/shop/productdetails/655419/huy-fong-sriracha-hot-chilli-sauce
64169,Sirena Tuna In Garlic 95g,$2.95 ,$31.05 / 1KG,/shop/productdetails/64169/sirena-tuna-in-garlic
26137,Sirena Tuna Triple Chilli 95g,$2.95 ,$31.05 / 1KG,/shop/productdetails/26137/sirena-tuna-triple-chilli
768721,Sustagen Vanilla Ready To Drink 3x250ml,$6.20 ,$8.27 / 1L,/shop/productdetails/768721/sustagen-vanilla-ready-to-drink
74613,La Molisana Pastifico Extra Di Lusso Spaghetti 500g,$2.80 ,$0.56 / 100G,/shop/productdetails/74613/la-molisana-pastifico-extra-di-lusso-spaghetti
58895,Macro Organic Peeled Italian Tomatoes 400g,$1.80 ,$4.50 / 1KG,/shop/productdetails/58895/macro-organic-peeled-italian-tomatoes
795621,Mutti Whole Peeled Tomatoes 400g,$2.30 ,$5.75 / 1KG,/shop/productdetails/795621/mutti-whole-peeled-tomatoes
607577,Heinz Ketchup Tomato Sauce 50% Less Added Sugar & Salt 500ml,$4.00 ,$0.80 / 100ML,/shop/productdetails/607577/heinz-ketchup-tomato-sauce-50-less-added-sugar-salt
36502,Sunrice White Rice Premium Long Grain 2kg,$4.60 ,$0.23 / 100G,/shop/productdetails/36502/sunrice-white-rice-premium-long-grain
212840,Vitasoy Soy Milky Regular 1l,$2.45 ,$2.45 / 1L,/shop/productdetails/212840/vitasoy-soy-milky-regular
446453,Maggi Dry Recipe Bases Beef Stroganoff 41g,$1.75 ,$4.27 / 100G,/shop/productdetails/446453/maggi-dry-recipe-bases-beef-stroganoff
750514,Heinz Soup Of The Day Old Fashioned Chicken Soup Pouch 430g,$4.50 ,$1.05 / 100G,/shop/productdetails/750514/heinz-soup-of-the-day-old-fashioned-chicken-soup-pouch
34282,Campbell's Condensed Soup Cream Of Chicken 420g,$2.20 ,$0.52 / 100G,/shop/productdetails/34282/campbell-s-condensed-soup-cream-of-chicken
259168,Sunbeam Australian Natural Sultanas 450g,$5.50 ,$12.22 / 1KG,/shop/productdetails/259168/sunbeam-australian-natural-sultanas-sultanas
862908,Lee Kum Kee Gluten Free Soy Sauce Soy Sauce 250ml,$4.30 ,$1.72 / 100ML,/shop/productdetails/862908/lee-kum-kee-gluten-free-soy-sauce-soy-sauce
297890,Old El Paso Wholegrain Tortillas Fajitas 6 Pack,$4.00 ,$1.67 / 100G,/shop/productdetails/297890/old-el-paso-wholegrain-tortillas-fajitas
98518,John West Tuna Slices In Olive Oil 125g,$3.80 ,$30.40 / 1KG,/shop/productdetails/98518/john-west-tuna-slices-in-olive-oil
186167,Continental Cup A Soup Classic Tomato 80g,$3.00 ,$3.75 / 100G,/shop/productdetails/186167/continental-cup-a-soup-classic-tomato
188799,Essentials Pasta Spirals 500g,$0.90 ,$0.18 / 100G,/shop/productdetails/188799/essentials-pasta-spirals
211476,Nestle Sustagen Dutch Chocolate Ready To Drink 3x250ml,$6.20 ,$8.27 / 1L,/shop/productdetails/211476/nestle-sustagen-dutch-chocolate-ready-to-drink
676655,Woolworths Yellowfin Tuna Slices In Olive Oil 125g,$2.50 ,$20.00 / 1KG,/shop/productdetails/676655/woolworths-yellowfin-tuna-slices-in-olive-oil
211290,John West Salmon Tempters Onion & Tomato 95g,$2.90 ,$30.53 / 1KG,/shop/productdetails/211290/john-west-salmon-tempters-onion-tomato
758342,Dolmio Extra Tomato Onion & Roast Garlic Pasta Sauce 500g,$3.50 ,$0.70 / 100G,/shop/productdetails/758342/dolmio-extra-tomato-onion-roast-garlic-pasta-sauce
209978,Masterfoods Seasoning Sprinkle Roast Vegetable 38g,$4.20 ,$1.11 / 10G,/shop/productdetails/209978/masterfoods-seasoning-sprinkle-roast-vegetable
35959,Masterfoods Rosemary Leaves 16g,$2.20 ,$1.38 / 10G,/shop/productdetails/35959/masterfoods-rosemary-leaves
246967,Sanitarium Weet-bix Organic Breakfast Cereal 750g,$6.50 ,$0.87 / 100G,/shop/productdetails/246967/sanitarium-weet-bix-organic-breakfast-cereal
186164,Campbell's Country Ladle Soup Chicken & Sweet Corn 505g,$2.25 ,$0.45 / 100G,/shop/productdetails/186164/campbell-s-country-ladle-soup-chicken-sweet-corn
340443,Safcol Salmon Atlantic Spring Water 95g,$2.00 ,$21.05 / 1KG,/shop/productdetails/340443/safcol-salmon-atlantic-spring-water
801493,Sirena Sicilian Style Pasta With Tuna 170g,$4.30 ,$25.29 / 1KG,/shop/productdetails/801493/sirena-sicilian-style-pasta-with-tuna
346837,Woolworths Pasta Macaroni 500g,$1.00 ,$0.20 / 100G,/shop/productdetails/346837/woolworths-pasta-macaroni
56731,Bonsoy Long Life Soy Milk 1l,$4.80 ,$4.80 / 1L,/shop/productdetails/56731/bonsoy-long-life-soy-milk
18161,Heinz Creamy Tomato Soup For One 300g,$2.30 ,$0.77 / 100G,/shop/productdetails/18161/heinz-creamy-tomato-soup-for-one-creamy-tomato
169592,Heinz Heinz Ketchup Sauces Tomato Sauce 1l,$6.00 ,$0.60 / 100ML,/shop/productdetails/169592/heinz-ketchup-sauces-tomato-sauce
320992,Mckenzie's Natural Salt Sea 400g,$5.55 ,$0.14 / 10G,/shop/productdetails/320992/mckenzie-s-natural-salt-sea
233280,Old El Paso Burrito Tortillas Jumbo Jumbo 6 Pack,$6.50 ,$1.44 / 100G,/shop/productdetails/233280/old-el-paso-burrito-tortillas-jumbo-jumbo
828492,Heinz Soup Of The Day 7 Veg With Garden Herbs Soup Pouch 430g,$4.50 ,$1.05 / 100G,/shop/productdetails/828492/heinz-soup-of-the-day-7-veg-with-garden-herbs-soup-pouch
750320,Heinz Soup Of The Day Buttercup Pumpkin & Veg Soup Pouch 430g,$4.50 ,$1.05 / 100G,/shop/productdetails/750320/heinz-soup-of-the-day-buttercup-pumpkin-veg-soup-pouch
93441,Old El Paso Taco Sauce Hot Taco Sauce 200g,$4.00 ,$2.00 / 100G,/shop/productdetails/93441/old-el-paso-taco-sauce-hot-taco-sauce
59693,Starbucks By Nespresso Caffe Verona Coffee Pods 10 Pack,$7.90 ,$0.79 / 1EA,/shop/productdetails/59693/starbucks-by-nespresso-caffe-verona-coffee-pods
87275,Twinings Camomile & Spearmint Tea Bags 10 Pack,$2.00 ,$0.20 / 1EA,/shop/productdetails/87275/twinings-camomile-spearmint-tea-bags-tea-bags
37679,Csr Brown Sugar 1kg,$4.30 ,$0.43 / 100G,/shop/productdetails/37679/csr-brown-sugar
259400,Woolworths Lentils No Added Salt 420g,$1.00 ,$0.24 / 100G,/shop/productdetails/259400/woolworths-lentils-no-added-salt
229229,Pandaroo Japanese Sushi Bamboo Mat 24cm Each,$2.15 ,$2.15 / 1EA,/shop/productdetails/229229/pandaroo-japanese-sushi-bamboo-mat-24cm
61679,Rosella Tomato Sauce Glass 580ml,$3.80 ,$0.66 / 100ML,/shop/productdetails/61679/rosella-tomato-sauce-glass
166227,Continental Cup A Soup Creamy Chicken & Corn With Croutons 30g X 2 Pack,$2.80 ,$4.67 / 100G,/shop/productdetails/166227/continental-cup-a-soup-creamy-chicken-corn-with-croutons
476442,Woolworths Himalayan Pink Fine Table Salt 1kg,$4.00 ,$0.04 / 10G,/shop/productdetails/476442/woolworths-himalayan-pink-fine-table-salt
795295,Mutti Baby Roma Tomatoes 400g,$1.90 ,$4.75 / 1KG,/shop/productdetails/795295/mutti-baby-roma-tomatoes
169527,Old El Paso Taco Spice Mix Extra Mild 30g,$2.40 ,$8.00 / 100G,/shop/productdetails/169527/old-el-paso-taco-spice-mix-extra-mild
708309,Safcol Responsibly Fished Tuna In Oil Italian Style 425g,$4.65 ,$10.94 / 1KG,/shop/productdetails/708309/safcol-responsibly-fished-tuna-in-oil-italian-style
77000,Maldon Sea Salt Flakes 240g,$10.00 ,$4.17 / 100G,/shop/productdetails/77000/maldon-sea-salt-flakes
888487,Twinings Pure Peppermint Tea Bags 80 Pack,$13.50 ,$0.17 / 1EA,/shop/productdetails/888487/twinings-pure-peppermint-tea-bags
90316,Ayam Satay Sauce 250ml,$3.90 ,$1.56 / 100ML,/shop/productdetails/90316/ayam-satay-sauce
31370,Essentials Coconut Cream 400ml,$1.00 ,$0.25 / 100ML,/shop/productdetails/31370/essentials-coconut-cream
629507,Heinz Beanz Baked Beans In Tomato Sauce Multipack 300g X3 Pack,$5.40 ,$0.60 / 100G,/shop/productdetails/629507/heinz-beanz-baked-beans-in-tomato-sauce-multipack
791148,Twinings Camomile & Spiced Apple Tea Bags 10 Pack,$2.00 ,$0.20 / 1EA,/shop/productdetails/791148/twinings-camomile-spiced-apple-tea-bags
250310,Jeeny's Ingredients Puree Tamarind 220g,$5.70 ,$2.59 / 100G,/shop/productdetails/250310/jeeny-s-ingredients-puree-tamarind
514871,Old El Paso Stand 'n Stuff Taco Shells Taco Shells 10 Pack,$4.95 ,$3.09 / 100G,/shop/productdetails/514871/old-el-paso-stand-n-stuff-taco-shells-taco-shells
251758,Sun Rice Japanese Style Sushi Rice 1kg,$4.70 ,$0.47 / 100G,/shop/productdetails/251758/sun-rice-japanese-style-sushi-rice
465070,Always Fresh Sundried Tomatoes Strips 220g,$4.50 ,$20.45 / 1KG,/shop/productdetails/465070/always-fresh-sundried-tomatoes-strips
32926,Continental Cup A Soup Classic Chicken Noodle 4 Pack,$3.00 ,$7.50 / 100G,/shop/productdetails/32926/continental-cup-a-soup-classic-chicken-noodle
135886,Woolworths White Corn Tortilla Strips 230g,,,/shop/productdetails/135886/woolworths-white-corn-tortilla-strips
325134,Essentials Parmesan Cheese 100g,$2.00 ,$20.00 / 1KG,/shop/productdetails/325134/essentials-parmesan-cheese
34004,Essentials Tomato Paste 500g,$1.40 ,$0.28 / 100G,/shop/productdetails/34004/essentials-tomato-paste
452266,The Spice Tailor Classic Butter Chicken 300g,$3.10 ,$1.03 / 100G,/shop/productdetails/452266/the-spice-tailor-classic-butter-chicken
700379,Mccormick Organic Cinnamon Ground 13g,$2.25 ,$1.73 / 10G,/shop/productdetails/700379/mccormick-organic-cinnamon-ground
36369,Uncle Tobys Vita Brits Breakfast Cereal 1kg,$6.00 ,$0.60 / 100G,/shop/productdetails/36369/uncle-tobys-vita-brits-breakfast-cereal
35962,Masterfoods Tarragon Leaves 7g,$3.65 ,$5.21 / 10G,/shop/productdetails/35962/masterfoods-tarragon-leaves
10848,Spam Ham Lite 340g,$5.00 ,$14.71 / 1KG,/shop/productdetails/10848/spam-ham-lite
92153,Masterfoods Steak Seasoning 45g,$4.00 ,$0.89 / 10G,/shop/productdetails/92153/masterfoods-steak-seasoning
152363,Lee Kum Kee Soy Sauce 150ml,$3.00 ,$2.00 / 100ML,/shop/productdetails/152363/lee-kum-kee-soy-sauce
658537,Sanitarium Weet-bix Cholesterol Lowering Breakfast Cereal 440g,$7.00 ,$1.59 / 100G,/shop/productdetails/658537/sanitarium-weet-bix-cholesterol-lowering-breakfast-cereal
34444,Fountain Steak Sauce 250ml,$3.00 ,$1.20 / 100ML,/shop/productdetails/34444/fountain-steak-sauce
73595,John West Salmon Pink 415g,$8.50 ,$20.48 / 1KG,/shop/productdetails/73595/john-west-salmon-pink
262265,Old El Paso Crispy Chicken Soft Taco 370g,$8.50 ,$2.30 / 100G,/shop/productdetails/262265/old-el-paso-crispy-chicken-soft-taco-mexican-style
701318,Twinings Cranberry & Pomegranate Tea Bags 10 Pack,$2.00 ,$0.20 / 1EA,/shop/productdetails/701318/twinings-cranberry-pomegranate-tea-bags
72617,Twinings Earl Grey Tea Bags 100 Pack,$13.50 ,$0.14 / 1EA,/shop/productdetails/72617/twinings-earl-grey-tea-bags-tea-bags
34559,Campbell's Real Stock Chicken Liquid Stock 500ml,$2.75 ,$0.55 / 100ML,/shop/productdetails/34559/campbell-s-real-stock-chicken-liquid-stock
370455,Kikkoman Soy Sauce Gluten Free Soy 250ml,$5.30 ,$2.12 / 100ML,/shop/productdetails/370455/kikkoman-soy-sauce-gluten-free-soy
306971,Fountain Barbecue Bbq Sauce 500ml,$2.00 ,$0.40 / 100ML,/shop/productdetails/306971/fountain-barbecue-bbq-sauce-squeeze
931157,Twinings Pure Camomile Tea Bags 10 Pack,$2.00 ,$0.20 / 1EA,/shop/productdetails/931157/twinings-pure-camomile-tea-bags-bags
33282,Essentials Plain Flour 1kg,$1.20 ,$1.20 / 1KG,/shop/productdetails/33282/essentials-plain-flour
828503,Heinz Classic Creamy Chicken & Mushroom Soup Ready Meals 520g,$3.90 ,$0.75 / 100G,/shop/productdetails/828503/heinz-classic-creamy-chicken-mushroom-soup-ready-meals
36359,Spc Baked Beans Rich Tomato 425g,$1.70 ,$0.40 / 100G,/shop/productdetails/36359/spc-baked-beans-rich-tomato-tomato-sauce
45795,Campbell's Country Ladle Soup Butternut Pumpkin 505g,$2.25 ,$0.45 / 100G,/shop/productdetails/45795/campbell-s-country-ladle-soup-butternut-pumpkin
789306,Quarter Past Vanilla Coffee Syrup 250ml,$5.00 ,$2.00 / 100ML,/shop/productdetails/789306/quarter-past-vanilla-coffee-syrup-vanilla
784997,Abc Kecap Manis Sweet Soy Sauce 600ml,$5.60 ,$0.93 / 100ML,/shop/productdetails/784997/abc-kecap-manis-sweet-soy-sauce
94620,Hoyts Rosemary 25g,$1.70 ,$0.68 / 10G,/shop/productdetails/94620/hoyts-rosemary
333917,Mission Multigrain Tortillas 8 Pack,$4.20 ,$1.09 / 100G,/shop/productdetails/333917/mission-multigrain-tortillas
69345,John West Tuna Slices In Springwater 125g,$3.80 ,$30.40 / 1KG,/shop/productdetails/69345/john-west-tuna-slices-in-springwater
765751,Sirena Tuna Springwater In Springwater 425g,$6.50 ,$15.29 / 1KG,/shop/productdetails/765751/sirena-tuna-springwater-in-springwater
177972,Indomie Mi Goreng Instant Noodles 5 Pack 425g,$3.95 ,$0.93 / 100G,/shop/productdetails/177972/indomie-mi-goreng-instant-noodles
89754,Macro Australian Sultanas 1kg,$9.00 ,$9.00 / 1KG,/shop/productdetails/89754/macro-australian-sultanas
53629,King Oscar Sardines Olive Oil 105g,$2.75 ,$26.19 / 1KG,/shop/productdetails/53629/king-oscar-sardines-olive-oil
792122,Sunrice Heat & Serve Rice & Quinoa 250g,$3.50 ,$1.40 / 100G,/shop/productdetails/792122/sunrice-heat-serve-rice-quinoa
10490,Spc Spaghetti Cheesy Cheddar 420g,$1.70 ,$0.40 / 100G,/shop/productdetails/10490/spc-spaghetti-cheesy-cheddar-cheesy-cheddar-sauce
318680,Twinings Pure Green Tea Bags 100 Pack,$13.50 ,$0.14 / 1EA,/shop/productdetails/318680/twinings-pure-green-tea-bags-bags
44079,Edgell Super Sweet Corn Kernels Super Sweet 420g,$2.50 ,$5.95 / 1KG,/shop/productdetails/44079/edgell-super-sweet-corn-kernels-super-sweet
210709,Hakubaku Organic Japanese Udon Noodle 270g,$4.00 ,$1.48 / 100G,/shop/productdetails/210709/hakubaku-organic-japanese-udon-noodle
29077,Dollar Sweets Bright 160g,$2.30 ,$1.44 / 100G,/shop/productdetails/29077/dollar-sweets-bright
272188,Tilda Microwave Steamed Pure Basmati Rice 250g,$3.50 ,$1.40 / 100G,/shop/productdetails/272188/tilda-microwave-steamed-pure-basmati-rice
941586,Woolworths Yellowfin Tuna In Chilli & Oil 95g,$1.30 ,$13.68 / 1KG,/shop/productdetails/941586/woolworths-yellowfin-tuna-in-chilli-oil
41944,Twinings Earl Grey Tea Bags 10 Pack,$2.00 ,$0.20 / 1EA,/shop/productdetails/41944/twinings-earl-grey-tea-bags-tea-bags
37184,Campbell's Spaghetti Sauce With Beef With Beef 410g,$3.40 ,$0.83 / 100G,/shop/productdetails/37184/campbell-s-spaghetti-sauce-with-beef-with-beef
142839,Continental Cup A Soup Asian Laksa 2 Pack 65g,$2.80 ,$4.31 / 100G,/shop/productdetails/142839/continental-cup-a-soup-asian-laksa-2-pack
9782,Suimin Oriental Chicken Cup 70g,$1.85 ,$2.64 / 100G,/shop/productdetails/9782/suimin-oriental-chicken-cup
35617,Vitasoy Original Soy Milk 1l,$3.00 ,$3.00 / 1L,/shop/productdetails/35617/vitasoy-original-soy-milk
10305,San Remo Trivelle Pasta 500g,$2.30 ,$0.46 / 100G,/shop/productdetails/10305/san-remo-trivelle-pasta
33183,Sunrice White Rice Calrose Medium Grain 1kg,$3.20 ,$0.32 / 100G,/shop/productdetails/33183/sunrice-white-rice-calrose-medium-grain
700638,Macro Organic Chickpeas 425g,$1.50 ,$0.35 / 100G,/shop/productdetails/700638/macro-organic-chickpeas
131555,Mutti Parma Polpa Finely Chopped Tomatoes With Basil 400g,$2.20 ,$5.50 / 1KG,/shop/productdetails/131555/mutti-parma-polpa-finely-chopped-tomatoes-with-basil
167239,John West Protein+ Vitamin B12 Tuna Bowl Couscous Rice Tomato & Onion 170g,$4.00 ,$23.53 / 1KG,/shop/productdetails/167239/john-west-protein-vitamin-b12-tuna-bowl-couscous-rice-tomato-onion
182271,Masterfoods Recipe Base Beef Stroganoff 175g,$2.80 ,$1.60 / 100G,/shop/productdetails/182271/masterfoods-recipe-base-beef-stroganoff
473597,Yoodles Brown Rice Noodles Chicken 70g,$2.30 ,$3.29 / 100G,/shop/productdetails/473597/yoodles-brown-rice-noodles-chicken
306498,Saxa Iodised Rock Salt 500g,$2.80 ,$0.06 / 10G,/shop/productdetails/306498/saxa-iodised-rock-salt-salt
576100,Taylors Of Harrogate Yorkshire Extra Strong Tea Bags 100 Pack,$7.50 ,$0.08 / 1EA,/shop/productdetails/576100/taylors-of-harrogate-yorkshire-extra-strong-tea-bags
678656,Continental Vegetable Liquid Stock Vegetable Stock 1l,$4.00 ,$0.40 / 100ML,/shop/productdetails/678656/continental-vegetable-liquid-stock-vegetable-stock
321220,Woolworths Rolled Traditional Oats 750g,$1.40 ,$0.19 / 100G,/shop/productdetails/321220/woolworths-rolled-traditional-oats
81686,Continental Soup Sensations Sweet Potato Pumpkin & Caramelised Onion 63g,$2.50 ,$3.97 / 100G,/shop/productdetails/81686/continental-soup-sensations-sweet-potato-pumpkin-caramelised-onion
89758,Woolworths Walnuts Pieces 250g,$6.30 ,$25.20 / 1KG,/shop/productdetails/89758/woolworths-walnuts-pieces
2883,Spc Spaghetti Rich Tomato 140g X 4 Pack,$4.00 ,$0.71 / 100G,/shop/productdetails/2883/spc-spaghetti-rich-tomato
655425,Huy Fong Sriracha Hot Chilli Sauce 740ml,,,/shop/productdetails/655425/huy-fong-sriracha-hot-chilli-sauce
123892,Mr Chen's Vermicelli Rice Noodles 300g,$2.15 ,$0.72 / 100G,/shop/productdetails/123892/mr-chen-s-vermicelli-rice-noodles
52604,Mutti Polpa Chopped Tomato 210g,$1.00 ,$4.76 / 1KG,/shop/productdetails/52604/mutti-polpa-chopped-tomato
35960,Masterfoods Ground Sage Leaves 20g,$2.75 ,$1.38 / 10G,/shop/productdetails/35960/masterfoods-ground-sage-leaves
259401,Woolworths Red Kidney Beans No Added Salt 420g,$1.00 ,$0.24 / 100G,/shop/productdetails/259401/woolworths-red-kidney-beans-no-added-salt
510428,Belvita Strawberry Yoghurt Breakfast Biscuits 5 Pack,$4.50 ,$1.78 / 100G,/shop/productdetails/510428/belvita-strawberry-yoghurt-breakfast-biscuits
194216,Woolworths Tuna Tikka Masala 95g,$1.10 ,$11.58 / 1KG,/shop/productdetails/194216/woolworths-tuna-tikka-masala
144283,Campbell's Real Stock Chicken Salt Reduced Liquid Stock 1l,$2.25 ,$0.23 / 100ML,/shop/productdetails/144283/campbell-s-real-stock-chicken-salt-reduced-liquid-stock
939282,Smooze Mango & Coconut 8x65ml,$5.25 ,$1.01 / 100ML,/shop/productdetails/939282/smooze-mango-coconut
259593,"Leggos Pizza Sauce Garlic, Onion & Herbs Squeeze 400g",$4.00 ,$1.00 / 100G,/shop/productdetails/259593/leggo-s-pizza-sauce-garlic-onion-herbs-squeeze
491609,Dollar Sweets Bright Sprinkles Jar 90g,$3.50 ,$3.89 / 100G,/shop/productdetails/491609/dollar-sweets-bright-sprinkles-jar
44857,Dragon And Phoenix Ingredients Fried Shallot 100g,$3.20 ,$3.20 / 100G,/shop/productdetails/44857/dragon-and-phoenix-ingredients-fried-shallot
931160,Twinings Tea Bags Lemon & Ginger 80 Pack,$13.50 ,$0.17 / 1EA,/shop/productdetails/931160/twinings-tea-bags-lemon-ginger
33557,Devondale 100% Pure Full Cream Long Life Milk 1l,$2.20 ,$2.20 / 1L,/shop/productdetails/33557/devondale-100-pure-full-cream-long-life-milk
33948,Kikkoman Marinade Teriyaki 250ml,$3.30 ,$1.32 / 100ML,/shop/productdetails/33948/kikkoman-marinade-teriyaki
36756,San Remo Spirals Large Pasta 500g,$2.30 ,$0.46 / 100G,/shop/productdetails/36756/san-remo-spirals-large-pasta
64139,Sirena Tuna Tomato & Basil 95g,$2.95 ,$31.05 / 1KG,/shop/productdetails/64139/sirena-tuna-tomato-basil
785764,Praise Seafood Sauce 250ml,$3.50 ,$1.40 / 100ML,/shop/productdetails/785764/praise-seafood-sauce
678699,Maggie Beer Natural Vegetable Stock 500ml,$5.50 ,$1.10 / 100ML,/shop/productdetails/678699/maggie-beer-natural-vegetable-stock
157659,John West Calcium Rich Tuna Springwater 90g,$2.00 ,$22.22 / 1KG,/shop/productdetails/157659/john-west-calcium-rich-tuna-springwater
33924,John West Salmon Red 105g,$6.50 ,$61.90 / 1KG,/shop/productdetails/33924/john-west-salmon-red
131557,Mutti Polpa Finely Chopped Tomatoes With Garlic 400g,$2.20 ,$5.50 / 1KG,/shop/productdetails/131557/mutti-polpa-finely-chopped-tomatoes-with-garlic
777201,Woolworths Free From Gluten Ingredients Tortilla Corn 280g,$3.20 ,$1.14 / 100G,/shop/productdetails/777201/woolworths-free-from-gluten-ingredients-tortilla-corn
45777,Campbell's Country Ladle Soup Minestrone 495g,$2.25 ,$0.45 / 100G,/shop/productdetails/45777/campbell-s-country-ladle-soup-minestrone
764820,Masterfoods Beef Stroganoff Simmer Sauce 495g,$4.50 ,$0.91 / 100G,/shop/productdetails/764820/masterfoods-beef-stroganoff-simmer-sauce
98906,Barilla Pasta Spaghettoni 500g,$3.50 ,$0.70 / 100G,/shop/productdetails/98906/barilla-pasta-spaghettoni-no-7-pasta-spaghettoni
93700,Csr Original Treacle 850g,$5.45 ,$0.64 / 100G,/shop/productdetails/93700/csr-original-treacle
74791,La Molisana Pastificio Extra Di Lusso Rigatoni Divini 500g,$2.80 ,$0.56 / 100G,/shop/productdetails/74791/la-molisana-pastificio-extra-di-lusso-rigatoni-divini
249573,Massel Gourmet Liquid Stock Chicken 1l,$4.00 ,$0.40 / 100ML,/shop/productdetails/249573/massel-gourmet-liquid-stock-chicken
255100,Annalisa Tomatoes Cherry In Tomato Juice 400g,$1.80 ,$4.50 / 1KG,/shop/productdetails/255100/annalisa-tomatoes-cherry-in-tomato-juice
115632,Essentials Icing Sugar Mixture 1kg,$3.60 ,$0.36 / 100G,/shop/productdetails/115632/essentials-icing-sugar-mixture
251020,Woolworths Garlic Powder 50g,$2.30 ,$0.46 / 10G,/shop/productdetails/251020/woolworths-garlic-powder
717762,Obento Japanese Sushi & Sashimi Soy Sauce 250ml,$3.60 ,$1.44 / 100ML,/shop/productdetails/717762/obento-japanese-sushi-sashimi-soy-sauce
310256,Woolworths Chicken Liquid Stock Salt Reduced 1l,$1.90 ,$0.19 / 100ML,/shop/productdetails/310256/woolworths-chicken-liquid-stock-salt-reduced
117241,Vegeta Chicken Stock Powder 200g,$4.50 ,$0.23 / 10G,/shop/productdetails/117241/vegeta-chicken-stock-powder
82796,Continental Soup Sensations Creamy Roast Chicken & Spring Onion 30.5g X 2 Pack,$2.50 ,$4.10 / 100G,/shop/productdetails/82796/continental-soup-sensations-creamy-roast-chicken-spring-onion
728344,Higher Living Rooibos African Tea 40 Pack,$5.50 ,$0.14 / 1EA,/shop/productdetails/728344/higher-living-rooibos-african-tea
825514,Masterfoods Curried Sausages Simmer Sauce 500g,$4.50 ,$0.90 / 100G,/shop/productdetails/825514/masterfoods-curried-sausages-simmer-sauce
167863,Sanitarium Up&go Liquid Breakfast Choc Ice 6 Pack,$10.50 ,$7.00 / 1L,/shop/productdetails/167863/sanitarium-up-go-liquid-breakfast-choc-ice
204677,Campbell's Country Ladle Soup Creamy Chicken 500g,$2.25 ,$0.45 / 100G,/shop/productdetails/204677/campbell-s-country-ladle-soup-creamy-chicken
83997,Sa Gourmet Food Co Tuscan Style Tomato & Basil Soup 430g,$3.00 ,$0.70 / 100G,/shop/productdetails/83997/sa-gourmet-food-co-tuscan-style-tomato-basil-soup
888464,Twinings Pure Camomile Tea Bags 80 Pack,$13.50 ,$0.17 / 1EA,/shop/productdetails/888464/twinings-pure-camomile-tea-bags
73863,Woolworths Barbecue Sauce 2l,$4.70 ,$0.24 / 100ML,/shop/productdetails/73863/woolworths-barbecue-sauce
34927,John West Salmon Pink 105g,$3.50 ,$33.33 / 1KG,/shop/productdetails/34927/john-west-salmon-pink
481200,Obento Marinade Teriyaki 250ml,$3.30 ,$1.32 / 100ML,
941593,Woolworths Yellowfin Tuna In Oil 425g,$4.00 ,$9.41 / 1KG,
433284,Maharajah's Choice Turmeric Spice 250g,$2.00 ,$0.08 / 10G,
698733,Heinz Spaghetti The One For All Pasta Tin Spaghetti Cheese 535g,$2.80 ,$0.52 / 100G,
790391,Obento Japanese Cooking Sake 250ml,$3.60 ,$1.44 / 100ML,
34927,Sole Mare Portuguese Style Sardines 120g,$3.00 ,$25.00 / 1KG,
679990,Woolworths Maple Flavoured Syrup 375g,$2.50 ,$0.67 / 100G,
757555,Gravox Parsley White Finishing Sauce Liquid Pouch 165g,$2.80 ,$1.70 / 100G,/shop/productdetails/757555/gravox-parsley-white-finishing-sauce-liquid-pouch
745386,Woolworths Large Pasta Shells 500g,$1.00 ,$0.20 / 100G,/shop/productdetails/745386/woolworths-large-pasta-shells
627085,Amoy White Rice Wine Vinegar 250ml,$3.50 ,$1.40 / 100ML,/shop/productdetails/627085/amoy-white-rice-wine-vinegar
33142,Csr Brown Sugar 500g,$2.50 ,$0.50 / 100G,/shop/productdetails/33142/csr-brown-sugar
758374,Kan Tong Pineapple Sweet & Sour Stir Fry Sauce 515g,$3.00 ,$0.58 / 100G,/shop/productdetails/758374/kan-tong-pineapple-sweet-sour-stir-fry-sauce
283136,Robert Timms Italian Espresso Style Coffee Bags 28 Pack,$13.50 ,$0.48 / 1EA,/shop/productdetails/283136/robert-timms-italian-espresso-style-coffee-bags
83114,Vitasoy Soy & Protein Unsweetened Milk 1l,$3.60 ,$3.60 / 1L,/shop/productdetails/83114/vitasoy-soy-protein-unsweetened-milk
717255,Sanitarium Up&go Liquid Breakfast Choc Ice 12 Pack,$15.80 ,$5.27 / 1L,/shop/productdetails/717255/sanitarium-up-go-liquid-breakfast-choc-ice
791152,Twinings Orange & Cinnamon Tea Bags 10 Pack,$2.00 ,$0.20 / 1EA,/shop/productdetails/791152/twinings-orange-cinnamon-tea-bags-tea
144709,Campbell's Country Ladle Soup Hearty Beef & Vegetable 500g,$2.25 ,$0.45 / 100G,/shop/productdetails/144709/campbell-s-country-ladle-soup-hearty-beef-vegetable
587903,Lipton Quality Black Tea Bags 200 Pack,$8.00 ,$0.04 / 1EA,/shop/productdetails/587903/lipton-quality-black-tea-bags
11252,San Remo Tagliatelle Egg Noodle Pasta 250g,$1.60 ,$0.64 / 100G,/shop/productdetails/11252/san-remo-tagliatelle-egg-noodle-pasta
799813,Woolworths Free From Lactose Lite Milk 1l,$2.00 ,$2.00 / 1L,/shop/productdetails/799813/woolworths-free-from-lactose-lite-milk
211270,John West Salmon Slices Smoked 125g,$3.80 ,$30.40 / 1KG,/shop/productdetails/211270/john-west-salmon-slices-smoked
476441,Woolworths Himalayan Pink Fine Table Salt 750g,$4.70 ,$0.06 / 10G,/shop/productdetails/476441/woolworths-himalayan-pink-fine-table-salt
38844,Brunswick Sardines Tomato Sauce 106g,$2.90 ,$27.36 / 1KG,/shop/productdetails/38844/brunswick-sardines-tomato-sauce
311466,Sunrice Microwave Long Grain White Rice Family 450g,$4.00 ,$0.89 / 100G,/shop/productdetails/311466/sunrice-microwave-long-grain-white-rice-family
665840,Sugarless Stevia Organic 350g,$6.99 ,$2.00 / 100G,/shop/productdetails/665840/sugarless-stevia-organic
49119,Erawan Tapioca Starch 500g,$1.70 ,$0.34 / 100G,/shop/productdetails/49119/erawan-tapioca-starch
306491,Saxa Natural Australian Salt Traditional Cooking Seasoning 1kg,$2.20 ,$0.02 / 10G,/shop/productdetails/306491/saxa-natural-australian-salt-traditional-cooking-seasoning
98520,John West Tuna Slices Smoked In Olive Oil 125g,$3.80 ,$30.40 / 1KG,/shop/productdetails/98520/john-west-tuna-slices-smoked-in-olive-oil
343883,Suimin Mi Goreng Noodle Cup 70g,$1.85 ,$2.64 / 100G,/shop/productdetails/343883/suimin-mi-goreng-noodle-cup
370259,Campbell's Country Ladle Soup Chicken Noodle 500g,$2.25 ,$0.45 / 100G,/shop/productdetails/370259/campbell-s-country-ladle-soup-chicken-noodle
245581,Campbell's Chunky Soup Roast Chicken & Vegetable 505g,$2.25 ,$0.45 / 100G,/shop/productdetails/245581/campbell-s-chunky-soup-roast-chicken-vegetable
94625,Hoyts Turmeric 25g,$1.80 ,$0.72 / 10G,/shop/productdetails/94625/hoyts-turmeric
30644,Leggo's Sundried Tomato Garlic Stir Through Sauce 350g,$5.30 ,$1.51 / 100G,/shop/productdetails/30644/leggo-s-sundried-tomato-garlic-stir-through-sauce
89756,Macro Seed Mix With Pepitas & Sunflower Seeds 250g,$4.50 ,$18.00 / 1KG,/shop/productdetails/89756/macro-seed-mix-with-pepitas-sunflower-seeds
144785,Woolworths Fresh Continental Parsley Bunch,$3.20 ,$3.20 / 1EA,/shop/productdetails/144785/woolworths-fresh-continental-parsley-fresh-herb
142004,Sa Gourmet Food Co Condensed Tomato Soup 500g,$2.00 ,$0.40 / 100G,/shop/productdetails/142004/sa-gourmet-food-co-condensed-tomato-soup
148781,Vitasoy Oat Milky Uht Milk 1l,$3.00 ,$3.00 / 1L,/shop/productdetails/148781/vitasoy-oat-milky-uht-milk
16892,Double Pheonix Vermicelli Green Bean 100g,$1.00 ,$1.00 / 100G,/shop/productdetails/16892/double-pheonix-vermicelli-green-bean
94622,Hoyts Sesame Seeds 100g,$3.00 ,$0.30 / 10G,/shop/productdetails/94622/hoyts-sesame-seeds
37420,Queen Organic Vanilla Extract 100ml,$6.20 ,$0.62 / 10ML,/shop/productdetails/37420/queen-organic-vanilla-extract
91920,Trident Instant Soup Thai Chicken With Noodles 50g,$1.25 ,$2.50 / 100G,/shop/productdetails/91920/trident-instant-soup-thai-chicken-with-noodles
33457,Paramount Salmon Pure Pink 100g,$3.30 ,$33.00 / 1KG,/shop/productdetails/33457/paramount-salmon-pure-pink
780921,Woolworths Salsa Chunky Medium 375g,$3.50 ,$0.93 / 100G,/shop/productdetails/780921/woolworths-salsa-chunky-medium
808422,La Gina Peeled Tomatoes 400g,$1.80 ,$0.45 / 100G,/shop/productdetails/808422/la-gina-peeled-tomatoes
137673,Mission Mild Salsa Chunky 300g,$4.40 ,$1.47 / 100G,/shop/productdetails/137673/mission-mild-salsa-chunky
251130,Woolworths Paprika Ground 30g,$1.60 ,$0.53 / 10G,/shop/productdetails/251130/woolworths-paprika-ground
346831,Woolworths Pasta Penne Rigate 500g,$1.00 ,$0.20 / 100G,/shop/productdetails/346831/woolworths-pasta-penne-rigate
49315,Spc Spaghetti Tomato & Cheese Sauce 220g X 4 Pack,$6.00 ,$0.68 / 100G,/shop/productdetails/49315/spc-spaghetti-tomato-cheese-sauce
247332,Campbell's Chunky Soup Irish Stew Style 505g,$2.25 ,$0.45 / 100G,/shop/productdetails/247332/campbell-s-chunky-soup-irish-stew-style
93351,Campbell's Real Stock Beef Liquid Stock 500ml,$2.75 ,$0.55 / 100ML,/shop/productdetails/93351/campbell-s-real-stock-beef-liquid-stock
215451,Macro Organic Spirals Pasta 500g,$1.65 ,$0.33 / 100G,/shop/productdetails/215451/macro-organic-spirals-pasta
63665,Woolworths Basmati Rice Microwave Cup 2 X125g,$2.20 ,$0.88 / 100G,/shop/productdetails/63665/woolworths-basmati-rice-microwave-cup
656967,San Remo Gluten Free Spaghetti 350g,$4.50 ,$1.29 / 100G,/shop/productdetails/656967/san-remo-gluten-free-spaghetti
6177,San Remo Spirals Vegeroni 375g,$2.30 ,$0.61 / 100G,/shop/productdetails/6177/san-remo-spirals-vegeroni
465135,Always Fresh Traditional Sauerkraut 460g,$3.80 ,$8.26 / 1KG,/shop/productdetails/465135/always-fresh-traditional-sauerkraut
941583,Woolworths Yellowfin Tuna In Springwater 95g,$1.30 ,$13.68 / 1KG,/shop/productdetails/941583/woolworths-yellowfin-tuna-in-springwater
235515,John West Wild Caught Salmon In Springwater 200g,$3.70 ,$18.50 / 1KG,/shop/productdetails/235515/john-west-wild-caught-salmon-in-springwater
68721,Mingle Taco Mexican Fiesta Spice Blend 30g,$1.95 ,$0.65 / 10G,/shop/productdetails/68721/mingle-taco-mexican-fiesta-spice-blend
93453,Old El Paso Taco Kit Mexican Style Taco Kit 290g,$8.50 ,$2.93 / 100G,/shop/productdetails/93453/old-el-paso-taco-kit-mexican-style-taco-kit
346058,Splenda Sweetener Sachets 100g,$6.50 ,$0.07 / 1EA,/shop/productdetails/346058/splenda-sweetener-sachets
33181,Sunrice White Rice Calrose Medium Grain 2kg,$7.70 ,$0.39 / 100G,/shop/productdetails/33181/sunrice-white-rice-calrose-medium-grain
83611,Sa Gourmet Food Co Creamy Chicken & Sweet Corn Soup 430g,$3.00 ,$0.70 / 100G,/shop/productdetails/83611/sa-gourmet-food-co-creamy-chicken-sweet-corn-soup
758444,Dolmio Traditional Recipe Classic Tomato Pasta Sauce 500g,$2.50 ,$0.50 / 100G,/shop/productdetails/758444/dolmio-traditional-recipe-classic-tomato-pasta-sauce
228978,Poonsin Vietnamese Dipping Sauce For Spring Roll 300ml,$3.40 ,$1.13 / 100ML,/shop/productdetails/228978/poonsin-vietnamese-dipping-sauce-for-spring-roll
157595,Simson's Pantry Authentic Roti Garlic 6 Pack,$4.00 ,$1.48 / 100G,/shop/productdetails/157595/simson-s-pantry-authentic-roti-garlic
629206,Wattie's Baked Beans In Tomato Sauce 420g,$2.20 ,$0.52 / 100G,/shop/productdetails/629206/wattie-s-baked-beans-in-tomato-sauce-in-tomato-sauce
82417,Continental Soup Sensations Farmhouse Potato & Leek Serves 2 60g,$2.50 ,$4.17 / 100G,/shop/productdetails/82417/continental-soup-sensations-farmhouse-potato-leek-serves-2
329036,Stevia Sweet Granulated Sachets 50 Pack,$5.80 ,$11.60 / 100EA,/shop/productdetails/329036/stevia-sweet-granulated-sachets
133621,Woolworths Green Basil Bunch,,,/shop/productdetails/133621/woolworths-green-basil
777837,Kan Tong Honey Teriyaki Stir Fry Sauce 510g,$3.00 ,$0.59 / 100G,/shop/productdetails/777837/kan-tong-honey-teriyaki-stir-fry-sauce
257374,Sirena Tuna Slices Chilli & Oil 125g,$3.90 ,$31.20 / 1KG,/shop/productdetails/257374/sirena-tuna-slices-chilli-oil
627500,Ayam Light Soy Sauce 210ml,$3.50 ,$1.67 / 100ML,/shop/productdetails/627500/ayam-light-soy-sauce
926885,Vitasoy Almond Milk Unsweetened 1l,$3.30 ,$3.30 / 1L,/shop/productdetails/926885/vitasoy-almond-milk-unsweetened
750405,Twinings Chai Vanilla Tea Bags 10 Pack,$2.00 ,$0.20 / 1EA,/shop/productdetails/750405/twinings-chai-vanilla-tea-bags-chai-tea
82418,Continental Soup Sensations Harvest Pumpkin & Sour Cream Serves 2 70g,$2.50 ,$3.57 / 100G,/shop/productdetails/82418/continental-soup-sensations-harvest-pumpkin-sour-cream-serves-2
702119,Natural Himalayan Salt Grinder 390g,$6.50 ,$0.17 / 10G,/shop/productdetails/702119/natural-himalayan-salt-grinder
329037,Stevia Sweet Granulated Jar 75g,$8.80 ,$11.73 / 100G,/shop/productdetails/329037/stevia-sweet-granulated-jar
253673,Suimin Hot & Spicy Noodle Cup 70g,$1.85 ,$2.64 / 100G,/shop/productdetails/253673/suimin-hot-spicy-noodle-cup
87017,Woolworths Tuna & Crackers Snack Pack Thousand Island 112g,$2.10 ,$18.75 / 1KG,/shop/productdetails/87017/woolworths-tuna-crackers-snack-pack-thousand-island
707366,Woolworths Lemon Thyme Fresh Herb Punnet 10g,$3.20 ,$3.20 / 10G,/shop/productdetails/707366/woolworths-lemon-thyme-fresh-herb-punnet
252246,Safcol Salmon Smoked 95g,$2.00 ,$21.05 / 1KG,/shop/productdetails/252246/safcol-salmon-smoked
261735,Ben's Original Savoury Chicken Flavour Microwave Rice Pouch 250g,$3.00 ,$1.20 / 100G,/shop/productdetails/261735/ben-s-original-savoury-chicken-flavour-microwave-rice-pouch
77384,Woolworths Minced Garlic 250g,$1.25 ,$0.05 / 10G,/shop/productdetails/77384/woolworths-minced-garlic
433428,Continental Cup A Soup Homestyle Pumpkin 61g,$2.80 ,$4.59 / 100G,/shop/productdetails/433428/continental-cup-a-soup-homestyle-pumpkin
59704,Starbucks By Nespresso Espresso Roast Coffee Pods 10 Pack,$7.90 ,$0.79 / 1EA,/shop/productdetails/59704/starbucks-by-nespresso-espresso-roast-coffee-pods
650297,Stevia Sweet Tablets 220 Pack,$8.60 ,$0.04 / 1EA,/shop/productdetails/650297/stevia-sweet-tablets
714439,Twinings Australian Afternoon Black Tea Bags 10 Pack,$2.00 ,$0.20 / 1EA,/shop/productdetails/714439/twinings-australian-afternoon-black-tea-bags
701706,Kellogg's Nutri Grain Protein Breakfast Cereal 290g,$7.00 ,$2.41 / 100G,/shop/productdetails/701706/kelloggs-nutri-grain-protein-breakfast-cereal
182267,Masterfoods Teriyaki Chicken Stir Fry Recipe Base 175g,$2.80 ,$1.60 / 100G,/shop/productdetails/182267/masterfoods-teriyaki-chicken-stir-fry-recipe-base
201809,Uncle Tobys Shredded Wheat Breakfast Cereal 270g,$6.50 ,$2.41 / 100G,/shop/productdetails/201809/uncle-tobys-shredded-wheat-breakfast-cereal
765711,Cottee's Thick 'n' Rich Chocolate Sauce Ice Cream Topping 615g,$3.80 ,$0.62 / 100G,/shop/productdetails/765711/cottee-s-thick-n-rich-chocolate-sauce-ice-cream-topping
549096,John West Sardines Lemon Garlic & Chilli 110g,$3.00 ,$27.27 / 1KG,/shop/productdetails/549096/john-west-sardines-lemon-garlic-chilli
209424,Vitasoy Rice Milk 1l,$3.30 ,$3.30 / 1L,/shop/productdetails/209424/vitasoy-rice-milk
167602,Heinz Classic Pea & Ham Soup Canned Soup Ready Meals 535g,$3.90 ,$0.73 / 100G,/shop/productdetails/167602/heinz-classic-pea-ham-soup-canned-soup-ready-meals
186446,Masterfoods Recipe Base Curried Sausages 175g,$2.80 ,$1.60 / 100G,/shop/productdetails/186446/masterfoods-recipe-base-curried-sausages
680471,Old El Paso Gluten Free Tortilla Fajitas 216g,$4.80 ,$2.22 / 100G,/shop/productdetails/680471/old-el-paso-gluten-free-tortilla-fajitas
355469,Saxa Natural Sea Salt Flakes 200g,$9.50 ,$0.48 / 10G,/shop/productdetails/355469/saxa-natural-sea-salt-flakes-flakes
117547,Vetta Smart Protein Spirals Pasta 375g,$2.50 ,$0.67 / 100G,/shop/productdetails/117547/vetta-smart-protein-spirals-pasta
674638,Woolworths Salmon Lemon & Thyme 95g,$1.40 ,$14.74 / 1KG,/shop/productdetails/674638/woolworths-salmon-lemon-thyme
215455,Macro Organic Soy Long Life Milk 1l,,,/shop/productdetails/215455/macro-organic-soy-long-life-milk
75816,Sunrice White Rice Calrose Medium Grain 10kg,$38.00 ,$0.38 / 100G,/shop/productdetails/75816/sunrice-white-rice-calrose-medium-grain
319056,Nerada Organic Rooibos & Vanilla Tea Bags 50 Pack,$4.25 ,$0.09 / 1EA,/shop/productdetails/319056/nerada-organic-rooibos-vanilla-tea-bags
54381,Continental Recipe Base Beef Stroganoff 40g,$1.80 ,$4.50 / 100G,/shop/productdetails/54381/continental-recipe-base-beef-stroganoff
622972,Wokka Udon Noodles 440g,$2.70 ,$0.61 / 100G,/shop/productdetails/622972/wokka-udon-noodles
794766,Massel 7's Chicken Cubes Gluten Free 35g,$1.00 ,$0.29 / 10G,/shop/productdetails/794766/massel-7-s-chicken-cubes-gluten-free
856165,Heinz Classic Potato & Leek Soup Canned Vegetable Soup 535g,$3.90 ,$0.73 / 100G,/shop/productdetails/856165/heinz-classic-potato-leek-soup-canned-vegetable-soup
32714,Oxo Chicken Stock Cubes 71g,$2.80 ,$0.39 / 10G,/shop/productdetails/32714/oxo-chicken-stock-cubes
714457,Twinings Australian Afternoon Tea Bags 100 Pack,$13.50 ,$0.14 / 1EA,/shop/productdetails/714457/twinings-australian-afternoon-tea-bags-tea-bags
33185,Lion Tapioca Pearls 375g,$3.90 ,$1.04 / 100G,/shop/productdetails/33185/lion-tapioca-pearls
235131,Macro Natural Semolina Flour 925g,$4.75 ,$5.14 / 1KG,/shop/productdetails/235131/macro-natural-semolina-flour
786237,Queen Organic Vanilla Bean Paste 140g,$16.50 ,$11.79 / 100G,/shop/productdetails/786237/queen-organic-vanilla-bean-paste
672828,Woolworths Tuna Mayo & Corn With Crackers 112g,$2.10 ,$18.75 / 1KG,/shop/productdetails/672828/woolworths-tuna-mayo-corn-with-crackers
82711,Continental Soup Sensations Cheesy Broccoli & Potato Serves 2 56g,$2.50 ,$4.46 / 100G,/shop/productdetails/82711/continental-soup-sensations-cheesy-broccoli-potato-serves-2
16307,Sanitarium So Good Long Life Lite Soy Milk 1l,$2.20 ,$2.20 / 1L,/shop/productdetails/16307/sanitarium-so-good-long-life-lite-soy-milk
768911,Sanitarium Up&go Protein Energize Choc 250ml X12 Pack,$15.80 ,$5.27 / 1L,/shop/productdetails/768911/sanitarium-up-go-protein-energize-choc
829549,Twinings English Breakfast Extra Strong Tea Bags 10 Pack,$2.00 ,$0.20 / 1EA,/shop/productdetails/829549/twinings-english-breakfast-extra-strong-tea-bags
744053,Amoy Sauce Light Soy 500ml,$5.00 ,$1.00 / 100ML,/shop/productdetails/744053/amoy-sauce-light-soy
680480,Mission Yellow Corn Tortilla Strips 230g,$3.50 ,$1.52 / 100G,/shop/productdetails/680480/mission-yellow-corn-tortilla-strips
32465,Oxo Beef Stock Cubes 71g,$2.80 ,$0.39 / 10G,/shop/productdetails/32465/oxo-beef-stock-cubes
792456,Ben's Original Brown Red Wild Rice Medley Microwave Pouch 250g,$3.00 ,$1.20 / 100G,/shop/productdetails/792456/ben-s-original-brown-red-wild-rice-medley-microwave-pouch
134337,Mutti Parma Organic Peeled Tomatoes 400g,,,/shop/productdetails/134337/mutti-parma-organic-peeled-tomatoes
237392,Sirena Tuna Garlic & Chilli In Oil 95g,$2.95 ,$31.05 / 1KG,/shop/productdetails/237392/sirena-tuna-garlic-chilli-in-oil
749870,Campbell's Real Stock Chicken Liquid Stock 250ml,$1.80 ,$0.72 / 100ML,/shop/productdetails/749870/campbell-s-real-stock-chicken-liquid-stock
298476,Woolworths 100% Canadian Maple Syrup 250ml,$6.60 ,$2.64 / 100ML,/shop/productdetails/298476/woolworths-100-canadian-maple-syrup
647762,Woolworths Steak Spice 60g,$3.00 ,$0.50 / 10G,/shop/productdetails/647762/woolworths-steak-spice
827615,Woolworths Australian White Medium Grain Rice 1kg,$3.00 ,$0.30 / 100G,/shop/productdetails/827615/woolworths-australian-white-medium-grain-rice
230367,Devondale Semi Skim Long Life Milk 1l,$2.20 ,$2.20 / 1L,/shop/productdetails/230367/devondale-semi-skim-long-life-milk
828048,Lee Kum Kee Soy Sauce Premium 1.75l,$8.30 ,$0.47 / 100ML,/shop/productdetails/828048/lee-kum-kee-soy-sauce-premium
258381,Sacla Pasta Sauce Basil Cherry Tomato 420g,$3.80 ,$0.90 / 100G,/shop/productdetails/258381/sacla-pasta-sauce-basil-cherry-tomato
30515,Leggo's Stir Through Sauce Roasted Vegetables 350g,$5.30 ,$1.51 / 100G,/shop/productdetails/30515/leggo-s-stir-through-sauce-roasted-vegetables
186410,Massel Stock Powder Chicken 168g,$3.75 ,$0.22 / 10G,/shop/productdetails/186410/massel-stock-powder-chicken
352039,Sunrice Microwave Fragrant Jasmine Rice Family 450g,$4.00 ,$0.89 / 100G,/shop/productdetails/352039/sunrice-microwave-fragrant-jasmine-rice-family
826485,Woolworths Long Angel Hair Pasta 500g,,,/shop/productdetails/826485/woolworths-long-angel-hair-pasta
526015,Woolworths Peach In Strawberry Jelly 4 Pack,$2.20 ,$4.58 / 1KG,/shop/productdetails/526015/woolworths-peach-in-strawberry-jelly
679544,Woolworths Secret Burger Sauce 330ml,$3.00 ,$0.91 / 100ML,/shop/productdetails/679544/woolworths-secret-burger-sauce
80788,Continental Soup Sensations Garden Cauliflower & Four Cheese 31g X 2 Pack,$2.50 ,$4.03 / 100G,/shop/productdetails/80788/continental-soup-sensations-garden-cauliflower-four-cheese
758288,Dolmio Extra Red Wine & Italian Herbs Tomato Pasta Sauce 500g,$3.50 ,$0.70 / 100G,/shop/productdetails/758288/dolmio-extra-red-wine-italian-herbs-tomato-pasta-sauce
270976,Ben's Original Special Fried Microwave Rice Pouch 250g,$3.00 ,$1.20 / 100G,/shop/productdetails/270976/ben-s-original-special-fried-microwave-rice-pouch
663581,Woolworths Black Beans No Added Salt Can 420g,$1.00 ,$0.24 / 100G,/shop/productdetails/663581/woolworths-black-beans-no-added-salt-can
33036,Uncle Tobys Oats Traditonal Rolled Oats Porridge 1kg,$3.25 ,$0.33 / 100G,/shop/productdetails/33036/uncle-tobys-oats-traditonal-rolled-oats-porridge
137091,Woolworths Fresh Herb Coriander Bunch,$3.20 ,$3.20 / 1EA,/shop/productdetails/137091/woolworths-fresh-herb-coriander
16927,Cornwell's Vinegar Malt 750ml,$3.10 ,$0.41 / 100ML,/shop/productdetails/16927/cornwell-s-vinegar-malt
948512,Hershey's Strawberry Syrup 623g,$6.00 ,$0.96 / 100G,/shop/productdetails/948512/hersheys-strawberry-syrup
517467,Annalisa Diced Tomatoes Basil & Oregano 400g,$1.80 ,$4.50 / 1KG,/shop/productdetails/517467/annalisa-diced-tomatoes-basil-oregano
170748,Masterfoods Pure Saffron 250mg,$14.90 ,$596.00 / 10G,/shop/productdetails/170748/masterfoods-pure-saffron
122268,Mr Chen's Udon Noodles 400g,$1.85 ,$0.46 / 100G,/shop/productdetails/122268/mr-chen-s-udon-noodles
169871,Old El Paso Street Market White Corn Tortillas Tacos 10 Pack,$4.50 ,$2.16 / 100G,/shop/productdetails/169871/old-el-paso-street-market-white-corn-tortillas-tacos
198522,Gardener Strawberry Jam 450g,$2.30 ,$0.51 / 100G,/shop/productdetails/198522/gardener-strawberry-jam
167165,John West Protein+ Iron Tuna Bowl With Roasted Capsicum & Beans 170g,$4.00 ,$23.53 / 1KG,/shop/productdetails/167165/john-west-protein-iron-tuna-bowl-with-roasted-capsicum-beans
59352,Starbucks By Nespresso Blonde Espresso Roast Coffee Pods 10 Pack,$7.90 ,$0.79 / 1EA,/shop/productdetails/59352/starbucks-by-nespresso-blonde-espresso-roast-coffee-pods
220699,Woolworths Red Salmon 210g,$6.00 ,$28.57 / 1KG,/shop/productdetails/220699/woolworths-red-salmon
68346,Macro Organic Wholemeal Spirals 500g,$1.65 ,$0.33 / 100G,/shop/productdetails/68346/macro-organic-wholemeal-spirals
9010,Zafarelli Penne Rigati Pasta No 18 500g,$1.85 ,$0.37 / 100G,/shop/productdetails/9010/zafarelli-penne-rigati-pasta-no-18
236124,John West Protein+ Omega-3 Tuna Tomato Salsa With Crackers 94g,$3.50 ,$37.23 / 1KG,/shop/productdetails/236124/john-west-protein-omega-3-tuna-tomato-salsa-with-crackers
319476,John West Tuna With Roast Capsicum & 3 Beans 185g,,,/shop/productdetails/319476/john-west-tuna-with-roast-capsicum-3-beans
758384,Kan Tong Stir Fry Sauce Sweet & Sour 515g,$3.00 ,$0.58 / 100G,/shop/productdetails/758384/kan-tong-stir-fry-sauce-sweet-sour
375114,"Masterfoods Stir Fry Sauce Honey, Garlic & Soy 175g",$2.80 ,$1.60 / 100G,/shop/productdetails/375114/masterfoods-stir-fry-sauce-honey-garlic-soy
32924,Continental Cup A Soup Chicken With Lots Of Noodles 2 Pack,$2.80 ,$4.67 / 100G,/shop/productdetails/32924/continental-cup-a-soup-chicken-with-lots-of-noodles
957033,Leggos Stir Through Tomato Garlic & Caramelised Onion 350g,$5.30 ,$1.51 / 100G,/shop/productdetails/957033/leggo-s-stir-through-tomato-garlic-caramelised-onion
147932,Slendier Edamame Bean Fettuccine 200g,$5.30 ,$2.65 / 100G,/shop/productdetails/147932/slendier-edamame-bean-fettuccine
106256,Wokka Shelf Fresh Thin Hokkien Noodles 440g,$2.70 ,$0.61 / 100G,/shop/productdetails/106256/wokka-shelf-fresh-thin-hokkien-noodles
231811,Macro Pumpkin Kernels 250g,$4.00 ,$16.00 / 1KG,/shop/productdetails/231811/macro-pumpkin-kernels
30322,Essentials Brown Vinegar 1l,$1.50 ,$0.15 / 100ML,/shop/productdetails/30322/essentials-brown-vinegar
663580,Woolworths Four Bean Mix No Added Salt Can 420g,$1.00 ,$0.24 / 100G,/shop/productdetails/663580/woolworths-four-bean-mix-no-added-salt-can
270829,Ben's Original Mexican Style Microwave Rice Pouch 250g,$3.00 ,$1.20 / 100G,/shop/productdetails/270829/ben-s-original-mexican-style-microwave-rice-pouch
39128,Essentials Cornflour 500g,$2.30 ,$4.60 / 1KG,/shop/productdetails/39128/essentials-cornflour
158435,Heinz Beanz Baked Beans In Tomato Sauce Multipack 220g X3 Pack,$4.90 ,$0.74 / 100G,/shop/productdetails/158435/heinz-beanz-baked-beans-in-tomato-sauce-multipack
319474,Safcol Salmon Mild Red Chilli 95g,$2.00 ,$21.05 / 1KG,/shop/productdetails/319474/safcol-salmon-mild-red-chilli
157597,John West Calcium Rich Tuna Chilli 90g,$2.00 ,$22.22 / 1KG,/shop/productdetails/157597/john-west-calcium-rich-tuna-chilli
256680,Patak's Mild Tandoori Indian Paste Marinade 295g,$7.50 ,$2.54 / 100G,/shop/productdetails/256680/patak-s-mild-tandoori-indian-paste-marinade
94456,Vetta Smart Fibre Penne Pasta 500g,$2.35 ,$0.47 / 100G,/shop/productdetails/94456/vetta-smart-fibre-penne-pasta
333060,Vegemite Cheesy Bite Spread 270g,$4.00 ,$1.48 / 100G,/shop/productdetails/333060/vegemite-cheesy-bite-spread
9011,Zafarelli Fusilli Pasta No 17 500g,$1.85 ,$0.37 / 100G,/shop/productdetails/9011/zafarelli-fusilli-pasta-no-17
71487,Csr Icing Sugar Pure 500g,$2.50 ,$0.50 / 100G,/shop/productdetails/71487/csr-icing-sugar-pure
224183,Heinz Big N Chunky Butter Chicken Soup Ready Meals 535g,$3.90 ,$0.73 / 100G,/shop/productdetails/224183/heinz-big-n-chunky-butter-chicken-soup-ready-meals
324925,Spam Ham With Real Bacon 340g,$5.00 ,$14.71 / 1KG,/shop/productdetails/324925/spam-ham-with-real-bacon
241193,Tiao Hu Sriracha Hot Sauce 455ml,$3.50 ,$0.77 / 100ML,/shop/productdetails/241193/tiao-hu-sriracha-hot-sauce
732354,Ardmona Rich & Thick Diced Tomatos With Paste Mixed Herbs 410g,$2.20 ,$5.37 / 1KG,/shop/productdetails/732354/ardmona-rich-thick-diced-tomatos-with-paste-mixed-herbs
856305,Heinz Soup Of The Day Creamy Potato & Leek Soup Pouch 430g,$4.50 ,$1.05 / 100G,/shop/productdetails/856305/heinz-soup-of-the-day-creamy-potato-leek-soup-pouch
258585,Lee Kum Kee Sauce Soy Salt Reduced 150ml,$3.20 ,$2.13 / 100ML,/shop/productdetails/258585/lee-kum-kee-sauce-soy-salt-reduced
156690,Tetley Decaffeinated Tea Bags 100 Pack,$5.50 ,$0.06 / 1EA,/shop/productdetails/156690/tetley-decaffeinated-tea-bags
166232,Continental Cup A Soup Creamy Chicken With Croutons 30g X 2 Pack,$2.80 ,$4.67 / 100G,/shop/productdetails/166232/continental-cup-a-soup-creamy-chicken-with-croutons
187766,Spc Spaghetti Tomato & Cheese Salt Reduced 420g,$1.70 ,$0.40 / 100G,/shop/productdetails/187766/spc-spaghetti-tomato-cheese-salt-reduced
430466,Sanitarium Weet-bix Blends Cranberry & Coconut Breakfast Cereal 450g,$6.00 ,$1.33 / 100G,/shop/productdetails/430466/sanitarium-weet-bix-blends-cranberry-coconut-breakfast-cereal
36580,Continental Cup A Soup Classic Spring Vegetable 4 Pack,$3.00 ,$5.00 / 100G,/shop/productdetails/36580/continental-cup-a-soup-classic-spring-vegetable
201407,Sanitarium Up&go Liquid Breakfast Vanilla Ice 6 Pack,$10.50 ,$7.00 / 1L,/shop/productdetails/201407/sanitarium-up-go-liquid-breakfast-vanilla-ice
15388,Tandaco Coating Mix Bread Crumbs For Southern Fried Chicken 75g,$2.30 ,$0.31 / 10G,/shop/productdetails/15388/tandaco-coating-mix-bread-crumbs-for-southern-fried-chicken
234660,John West Protein+ Calcium Tuna Sea Salt Lemon & Parsley With Crackers 94g,$3.50 ,$37.23 / 1KG,/shop/productdetails/234660/john-west-protein-calcium-tuna-sea-salt-lemon-parsley-with-crackers
251007,Woolworths Cumin Ground Ground 30g,$2.65 ,$0.88 / 10G,/shop/productdetails/251007/woolworths-cumin-ground-ground
313153,Robert Timms Premium Espresso Granulated Coffee 200g,$10.70 ,$5.35 / 100G,/shop/productdetails/313153/robert-timms-premium-espresso-granulated-coffee
758313,Dolmio Extra Garden Vegetables Tomato Pasta Sauce 500g,$3.50 ,$0.70 / 100G,/shop/productdetails/758313/dolmio-extra-garden-vegetables-tomato-pasta-sauce
115233,Queen Natural Vanilla Concentrated Extract 50ml,$7.40 ,$1.48 / 10ML,/shop/productdetails/115233/queen-natural-vanilla-concentrated-extract
828452,Continental Cup A Soup Tasty Tomato 2 Pack 54g,$2.80 ,$5.19 / 100G,/shop/productdetails/828452/continental-cup-a-soup-tasty-tomato-2-pack
94190,Masterfoods Tomato Sauce Hidden Veg 500ml,$4.50 ,$0.90 / 100ML,/shop/productdetails/94190/masterfoods-tomato-sauce-hidden-veg
84763,Woolworths Sweetened Condensed Milk 397g,$1.80 ,$0.45 / 100G,/shop/productdetails/84763/woolworths-sweetened-condensed-milk
452267,The Spice Tailor Original Tikka Masala 300g,$3.10 ,$1.03 / 100G,/shop/productdetails/452267/the-spice-tailor-original-tikka-masala
33144,Csr Caster Sugar 500g,$2.00 ,$0.40 / 100G,/shop/productdetails/33144/csr-caster-sugar
121530,Pandaroo Vermicelli Bean Thread 250g,$2.20 ,$0.88 / 100G,/shop/productdetails/121530/pandaroo-vermicelli-bean-thread
49314,Spc Baked Beans Rich Tomato 220g X 4 Pack,$6.00 ,$0.68 / 100G,/shop/productdetails/49314/spc-baked-beans-rich-tomato-sauce
153204,Spam Ham Hot & Spicy 340g,$5.00 ,$14.71 / 1KG,/shop/productdetails/153204/spam-ham-hot-spicy
373818,Woolworths Potato Whole 410g,$2.00 ,$4.88 / 1KG,/shop/productdetails/373818/woolworths-potato-whole
37613,Essentials Packet Soup Mix Chicken Noodle 50g,$0.45 ,$0.90 / 100G,/shop/productdetails/37613/essentials-packet-soup-mix-chicken-noodle
33364,Dollar Sweets Sprinkles Fives 125g,$2.50 ,$2.00 / 100G,/shop/productdetails/33364/dollar-sweets-sprinkles-fives
90660,Riviana Arborio Rice 1kg,$7.00 ,$0.70 / 100G,/shop/productdetails/90660/riviana-arborio-rice
113305,Continental Recipe Base Creamy Tuna Mornay 30g,$1.80 ,$6.00 / 100G,/shop/productdetails/113305/continental-recipe-base-creamy-tuna-mornay
172409,Heinz Oops Pasta In Tomato Sauce Canned Spaghetti O's 220g,$2.00 ,$0.91 / 100G,/shop/productdetails/172409/heinz-oops-pasta-in-tomato-sauce-canned-spaghetti-o-s
452031,Leggos Tuna Bake 500g,$4.00 ,$0.80 / 100G,/shop/productdetails/452031/leggo-s-tuna-bake
249549,Masterfoods Tuscan Seasoning 155g,$7.50 ,$0.48 / 10G,/shop/productdetails/249549/masterfoods-tuscan-seasoning
32604,John West Salmon Red 210g,$7.50 ,$35.71 / 1KG,/shop/productdetails/32604/john-west-salmon-red
534207,Natvia 100% Natural Sweetener 350g,$7.75 ,$2.21 / 100G,/shop/productdetails/534207/natvia-100-natural-sweetener
302155,Sirena Tuna With Beans 185g,$4.70 ,$25.41 / 1KG,/shop/productdetails/302155/sirena-tuna-with-beans
5535,Sanitarium So Good Long Life Vanilla Bliss Soy Milk 1l,$3.00 ,$3.00 / 1L,/shop/productdetails/5535/sanitarium-so-good-long-life-vanilla-bliss-soy-milk
513478,Tasti Made Simple Forest Fruits 150g,$4.00 ,$2.67 / 100G,/shop/productdetails/513478/tasti-made-simple-forest-fruits
852391,Annalisa Tomato Puree 690g,$1.55 ,$0.22 / 100G,/shop/productdetails/852391/annalisa-tomato-puree
34389,Continental Simmer Soup Chicken Noodle 45g,$1.20 ,$2.67 / 100G,/shop/productdetails/34389/continental-simmer-soup-chicken-noodle
678720,Maggie Beer Natural Chicken Stock 500ml,$5.50 ,$1.10 / 100ML,/shop/productdetails/678720/maggie-beer-natural-chicken-stock
608711,Masterfoods Barbecue Sauce Reduced Salt & Sugar 475ml,$2.50 ,$0.53 / 100ML,/shop/productdetails/608711/masterfoods-barbecue-sauce-reduced-salt-sugar
617101,Essentials Black Tea Bags 100 Pack,$1.90 ,$0.02 / 1EA,/shop/productdetails/617101/essentials-black-tea-bags
791171,Macro Organic Pasta Sauce Chunky Tomato Garlic Basil 500g,$2.30 ,$0.46 / 100G,/shop/productdetails/791171/macro-organic-pasta-sauce-chunky-tomato-garlic-basil
33982,Masterfoods Turmeric Ground 28g,$2.80 ,$1.00 / 10G,/shop/productdetails/33982/masterfoods-turmeric-ground
290301,Mutti Passata Tomato Puree 400g,$3.30 ,$0.83 / 100G,/shop/productdetails/290301/mutti-passata-tomato-puree
612562,Sugarine Sweetener Tablets 600 Pack,$5.70 ,$0.01 / 1EA,/shop/productdetails/612562/sugarine-sweetener-tablets
763735,Flying Goose Sriracha Mayo 455ml,$8.50 ,$1.87 / 100ML,/shop/productdetails/763735/flying-goose-sriracha-mayo
373176,Continental Sensations Stock Pot Chicken Chicken 28g X 4 Pack,$4.50 ,$0.40 / 10G,/shop/productdetails/373176/continental-sensations-stock-pot-chicken-chicken
827830,Mckenzie's Saffron 100mg,$14.40 ,"$1,440.00 / 10G",/shop/productdetails/827830/mckenzie-s-saffron
192366,Pureharvest Organic Malt Free Soy Milk 1l,$2.00 ,$2.00 / 1L,/shop/productdetails/192366/pureharvest-organic-malt-free-soy-milk
63010,Twinings Green Tea Bags 10 Pack 15g,$2.00 ,$0.20 / 1EA,/shop/productdetails/63010/twinings-green-tea-bags
647760,Woolworths Onion Powder 38g,$2.45 ,$0.64 / 10G,/shop/productdetails/647760/woolworths-onion-powder
91905,Celestial Sleepy Time Herbal Tea Bags 40 Pack,$8.50 ,$0.21 / 1EA,/shop/productdetails/91905/celestial-sleepy-time-herbal-tea-bags
803604,Dollar Sweets Vegetarian Rainbow Sprinkles 155g,$2.30 ,$1.48 / 100G,/shop/productdetails/803604/dollar-sweets-vegetarian-rainbow-sprinkles
245953,Gravox Pepper Steak Sauce Liquid Pouch 165g,$2.80 ,$1.70 / 100G,/shop/productdetails/245953/gravox-pepper-steak-sauce-liquid-pouch
248699,Robert Timms Premium Full-bodied Granulated Coffee 200g,$10.70 ,$5.35 / 100G,/shop/productdetails/248699/robert-timms-premium-full-bodied-granulated-coffee
608248,Mission White Strip Corn Chips 500g,$6.60 ,$1.32 / 100G,/shop/productdetails/608248/mission-white-strip-corn-chips
85195,Sa Gourmet Food Co Classic Italian Minestrone Soup 430g,$3.00 ,$0.70 / 100G,/shop/productdetails/85195/sa-gourmet-food-co-classic-italian-minestrone-soup
271568,Tilda Microwave Steamed Brown Basmati Rice 250g,$3.50 ,$1.40 / 100G,/shop/productdetails/271568/tilda-microwave-steamed-brown-basmati-rice
94141,Vetta Smart Fibre Veg Twists Spirals Pasta 375g,$2.35 ,$0.63 / 100G,/shop/productdetails/94141/vetta-smart-fibre-veg-twists-spirals-pasta
251127,Woolworths Oregano Leaves 10g,$1.80 ,$1.80 / 10G,/shop/productdetails/251127/woolworths-oregano-leaves
224221,Heinz Classic Winter Vegetable Soup 535g,$3.90 ,$0.73 / 100G,/shop/productdetails/224221/heinz-classic-winter-vegetable-soup-winter-vegetable
576390,Hart & Soul Coconut Pumpkin Soup Pouch 400g,$3.80 ,$0.95 / 100G,/shop/productdetails/576390/hart-soul-coconut-pumpkin-soup-pouch
421920,Kan Tong Honey Soy Garlic Stir Fry Sauce 500g,$3.00 ,$0.60 / 100G,/shop/productdetails/421920/kan-tong-honey-soy-garlic-stir-fry-sauce
33296,Essentials Self Raising Flour 1kg,$1.20 ,$1.20 / 1KG,/shop/productdetails/33296/essentials-self-raising-flour
54148,Continental Cup A Soup Chinese Chicken & Corn With Lots Of Noodles 2 Pack,$2.80 ,$4.24 / 100G,/shop/productdetails/54148/continental-cup-a-soup-chinese-chicken-corn-with-lots-of-noodles
201415,Sanitarium Weet-bix Hi Bran Breakfast Cereal 750g,$6.50 ,$0.87 / 100G,/shop/productdetails/201415/sanitarium-weet-bix-hi-bran-breakfast-cereal
777630,Woolworths Brown Rice Grain 1kg,$2.50 ,$0.25 / 100G,/shop/productdetails/777630/woolworths-brown-rice-grain
700632,Macro Apple Cider Vinegar 500ml,$3.50 ,$0.70 / 100ML,/shop/productdetails/700632/macro-apple-cider-vinegar
229231,Pandaroo Japanese Ginger Sushi 200g,$3.70 ,$1.85 / 100G,/shop/productdetails/229231/pandaroo-japanese-ginger-sushi
708165,"Twinings Asha Sleep Camomile,peppermint Spearmint Lemon Peel Tea Bags 18 Pack",$7.50 ,$0.42 / 1EA,/shop/productdetails/708165/twinings-asha-sleep-camomile-peppermint-spearmint-lemon-peel-tea-bags
346864,Woolworths Canola Cooking Spray 400g,$2.50 ,$0.63 / 100G,/shop/productdetails/346864/woolworths-canola-cooking-spray
311461,Sunrice Microwave Fragrant Brown Rice Family Sz 450g,$4.00 ,$0.89 / 100G,/shop/productdetails/311461/sunrice-microwave-fragrant-brown-rice-family-sz
79955,Tabasco Sriracha Sauce 256ml,$6.00 ,$2.34 / 100ML,/shop/productdetails/79955/tabasco-sriracha-sauce
473598,Yoodles Brown Rice Noodles Beef 70g,$2.30 ,$3.29 / 100G,/shop/productdetails/473598/yoodles-brown-rice-noodles-beef
251000,Woolworths Cinnamon Ground 32g,$1.80 ,$0.56 / 10G,/shop/productdetails/251000/woolworths-cinnamon-ground
282923,Campbell's Real Stock Chicken Salt Reduced Liquid Stock 500ml,$2.75 ,$0.55 / 100ML,/shop/productdetails/282923/campbell-s-real-stock-chicken-salt-reduced-liquid-stock
54157,Continental Cup A Soup Italian Minestrone 2 Pack,$2.80 ,$3.73 / 100G,/shop/productdetails/54157/continental-cup-a-soup-italian-minestrone
662134,Heilala Baking Blend Vanilla Extract 125ml,$8.00 ,$6.40 / 100ML,/shop/productdetails/662134/heilala-baking-blend-vanilla-extract
717254,Sanitarium Up&go Protein Energize Choc 250ml X6 Pack,$10.50 ,$7.00 / 1L,/shop/productdetails/717254/sanitarium-up-go-protein-energize-choc
271569,Tilda Microwave Coco Chilli & Lemongrass Rice 250g,$3.50 ,$1.40 / 100G,/shop/productdetails/271569/tilda-microwave-coco-chilli-lemongrass-rice
452061,Leggo's Pasta Bake Creamy Sundried Tomato & Garlic 500g,$4.00 ,$0.80 / 100G,/shop/productdetails/452061/leggo-s-pasta-bake-creamy-sundried-tomato-garlic
728159,Mission Corn Chips Cheesy Nachos 230g,$3.50 ,$1.52 / 100G,/shop/productdetails/728159/mission-corn-chips-cheesy-nachos
676656,Woolworths Yellowfin Tuna Slices In Olive Oil With Chilli 125g,$2.50 ,$20.00 / 1KG,/shop/productdetails/676656/woolworths-yellowfin-tuna-slices-in-olive-oil-with-chilli
82852,Continental Soup Sensations Vine Ripened Tomato & Ricotta Serves 2 54g,$2.50 ,$4.63 / 100G,/shop/productdetails/82852/continental-soup-sensations-vine-ripened-tomato-ricotta-serves-2
92971,Masterfoods Seasoning Garlic Steak 50g,$4.00 ,$0.80 / 10G,/shop/productdetails/92971/masterfoods-seasoning-garlic-steak
65084,Old El Paso Nachos Salsa Topping Mild Mild 390g,$4.80 ,$1.23 / 100G,/shop/productdetails/65084/old-el-paso-nachos-salsa-topping-mild-mild
452500,The Spice Tailor Delicate Korma Curry 300g,$3.10 ,$1.03 / 100G,/shop/productdetails/452500/the-spice-tailor-delicate-korma-curry
202590,Rosella Condensed Tomato Soup 390g,$2.80 ,$0.72 / 100ML,/shop/productdetails/202590/rosella-condensed-tomato-soup
42982,Twinings English Breakfast Tea  Bags 50 Pack,$7.00 ,$0.14 / 1EA,/shop/productdetails/42982/twinings-english-breakfast-tea-bags-tea-bags
345414,Edgell Peas Corn & Carrots Corn & Carrots 420g,$2.50 ,$5.95 / 1KG,/shop/productdetails/345414/edgell-peas-corn-carrots-corn-carrots
476928,Sanitarium Weet-bix Gluten Free Coconut & Cinnamon Breakfast Cereal 400g,$5.30 ,$1.33 / 100G,/shop/productdetails/476928/sanitarium-weet-bix-gluten-free-coconut-cinnamon-breakfast-cereal
267557,Sunrice Sunrice Rice Jasmine 1kg,$3.25 ,$0.33 / 100G,/shop/productdetails/267557/sunrice-rice-jasmine
625155,Heinz Spaghetti Extra Cheesy Pasta Canned Spaghetti 300g,$2.80 ,$0.93 / 100G,/shop/productdetails/625155/heinz-spaghetti-extra-cheesy-pasta-canned-spaghetti
263288,Lee Kum Kee Sauce Teriyaki Beef 100g,$2.40 ,$2.40 / 100G,/shop/productdetails/263288/lee-kum-kee-sauce-teriyaki-beef
720424,Woolworths Lemon Juice 500ml,$1.65 ,$0.33 / 100ML,/shop/productdetails/720424/woolworths-lemon-juice
220701,Woolworths Red Salmon 415g,$9.00 ,$21.69 / 1KG,/shop/productdetails/220701/woolworths-red-salmon
845672,Fountain Barbecue Bbq Sauce Value Pack 2l,$7.50 ,$0.38 / 100ML,/shop/productdetails/845672/fountain-barbecue-bbq-sauce-value-pack
343890,Maggi 2 Minute Chicken Flavour Instant Noodles 5 Pack,$5.00 ,$1.39 / 100G,/shop/productdetails/343890/maggi-2-minute-chicken-flavour-instant-noodles
15344,Tandaco Stuffing Mix Seasoned Turkey & Chicken 200g,$3.00 ,$0.15 / 10G,/shop/productdetails/15344/tandaco-stuffing-mix-seasoned-turkey-chicken
87014,Woolworths Tuna & Crackers Snack Pack Tomato & Spinach 112g,$2.10 ,$18.75 / 1KG,/shop/productdetails/87014/woolworths-tuna-crackers-snack-pack-tomato-spinach
695662,Fehlbergs Double Strength White Vinegar 1l,$3.00 ,$0.30 / 100ML,/shop/productdetails/695662/fehlbergs-double-strength-white-vinegar
11887,Trident Hot & Spicy Flavour Thai With Noodles Soup 50g,$1.25 ,$2.50 / 100G,/shop/productdetails/11887/trident-hot-spicy-flavour-thai-with-noodles-soup
552489,Woolworths Long Grain Rice Microwave Cups 2 Pack,$2.20 ,$0.88 / 100G,/shop/productdetails/552489/woolworths-long-grain-rice-microwave-cups
250994,Woolworths Chilli Flakes 23g,$2.30 ,$1.00 / 10G,/shop/productdetails/250994/woolworths-chilli-flakes
700508,Mccormick Organic Turmeric Ground 17g,$2.25 ,$1.32 / 10G,/shop/productdetails/700508/mccormick-organic-turmeric-ground
19274,Thomy Mayonnaise 470g,$7.50 ,$1.60 / 100G,/shop/productdetails/19274/thomy-mayonnaise
517491,Annalisa Diced Tomatoes Garlic & Basil 400g,$1.80 ,$4.50 / 1KG,/shop/productdetails/517491/annalisa-diced-tomatoes-garlic-basil
310223,Pearl River Bridge Soy Sauce 500ml,$3.55 ,$0.71 / 100ML,/shop/productdetails/310223/pearl-river-bridge-soy-sauce
188938,Macro Australian Walnuts 250g,$8.00 ,$32.00 / 1KG,/shop/productdetails/188938/macro-australian-walnuts
147312,Nutella Hazelnut Chocolate Spread 400g,$5.70 ,$1.43 / 100G,/shop/productdetails/147312/nutella-hazelnut-chocolate-spread-spread
245169,Sanitarium Weet-bix Blends Multi-grain+ Breakfast Cereal 575g,$6.00 ,$1.04 / 100G,/shop/productdetails/245169/sanitarium-weet-bix-blends-multi-grain-breakfast-cereal
34294,Riviana Basmati Rice Extra Long Grain 1kg,$7.00 ,$0.70 / 100G,/shop/productdetails/34294/riviana-basmati-rice-extra-long-grain
251075,Woolworths Italian Dried Herbs 10g,$2.40 ,$2.40 / 10G,/shop/productdetails/251075/woolworths-italian-dried-herbs
452268,The Spice Tailor Keralan Coconut Curry 225g,$3.10 ,$1.38 / 100G,/shop/productdetails/452268/the-spice-tailor-keralan-coconut-curry
438469,Hart & Soul Chicken & Corn Soup Pouch 400g,$3.80 ,$0.95 / 100G,/shop/productdetails/438469/hart-soul-chicken-corn-soup-pouch
30023,John West Tuna In Brine 425g,$5.50 ,$12.94 / 1KG,/shop/productdetails/30023/john-west-tuna-in-brine
172643,Campbell's Real Stock Beef Salt Reduced Liquid Stock 1l,$2.25 ,$0.23 / 100ML,/shop/productdetails/172643/campbell-s-real-stock-beef-salt-reduced-liquid-stock
785977,Nong Shim Shin Ramyun 5 Pack,$5.00 ,$0.83 / 100G,/shop/productdetails/785977/nong-shim-shin-ramyun
148364,Uncle Tobys Oats Quick Sachets Creamy Honey Porridge 350g,$6.30 ,$1.80 / 100G,/shop/productdetails/148364/uncle-tobys-oats-quick-sachets-creamy-honey-porridge
169353,Arnott's Gluten Free Tiny Teddy Choc Chip Biscuits 120g,$4.70 ,$3.92 / 100G,/shop/productdetails/169353/arnott-s-gluten-free-tiny-teddy-choc-chip-biscuits
34425,Eta Barbecue Sauce 375ml,$2.50 ,$0.67 / 100ML,/shop/productdetails/34425/eta-barbecue-sauce
56698,Pureharvest Rice Malt Syrup 500g,$3.80 ,$0.76 / 100G,/shop/productdetails/56698/pureharvest-rice-malt-syrup
59694,Starbucks By Nespresso Single Origin Colombia Coffee Pods 10 Pack,$7.90 ,$0.79 / 1EA,/shop/productdetails/59694/starbucks-by-nespresso-single-origin-colombia-coffee-pods
360354,Woolworths Microwave Brown Rice Family Size 450g,$2.75 ,$0.61 / 100G,/shop/productdetails/360354/woolworths-microwave-brown-rice-family-size
726358,Woolworths Pepitas 300g,$4.00 ,$13.33 / 1KG,/shop/productdetails/726358/woolworths-pepitas
242199,Trident Sriracha Hot Chilli Sauce 480ml,$5.80 ,$1.21 / 100ML,/shop/productdetails/242199/trident-sriracha-hot-chilli-sauce
117548,Vetta Smart Protein Penne Pasta 375g,$2.50 ,$0.67 / 100G,/shop/productdetails/117548/vetta-smart-protein-penne-pasta
830072,Juicy Isle Strawberry Topping 375ml,$3.00 ,$0.80 / 100ML,/shop/productdetails/830072/juicy-isle-strawberry-topping
86610,Leggos Tomato Puree 410g,$2.50 ,$0.61 / 100G,/shop/productdetails/86610/leggo-s-tomato-puree
808596,Stagg Classic Chili With Beans 425g,$3.50 ,$0.82 / 100G,/shop/productdetails/808596/stagg-classic-chili-with-beans
58968,Twinings Lemon Twist Tea Bags 10 Pack,$2.00 ,$0.20 / 1EA,/shop/productdetails/58968/twinings-lemon-twist-tea-bags-tea-bags
248084,Woolworths Extra Virgin Olive Oil 500ml,$6.00 ,$1.20 / 100ML,/shop/productdetails/248084/woolworths-extra-virgin-olive-oil
86298,Pureharvest Organic Oat Milk 1l,$2.00 ,$2.00 / 1L,/shop/productdetails/86298/pureharvest-organic-oat-milk
720423,Woolworths Lemon Juice 250ml,$1.00 ,$0.40 / 100ML,/shop/productdetails/720423/woolworths-lemon-juice
794812,Massel 7's Beef Cubes Gluten Free 35g,$1.00 ,$0.29 / 10G,/shop/productdetails/794812/massel-7-s-beef-cubes-gluten-free
224195,Heinz Big N Chunky Peppered Steak Soup Tinned Ready Meals 535g,$3.90 ,$0.73 / 100G,/shop/productdetails/224195/heinz-big-n-chunky-peppered-steak-soup-tinned-ready-meals
36387,Equal Sweetener Sachets 100 Pack,$5.20 ,$5.20 / 100EA,/shop/productdetails/36387/equal-sweetener-sachets
32857,Masterfoods All Purpose Seasoning 65g,$3.00 ,$0.46 / 10G,/shop/productdetails/32857/masterfoods-all-purpose-seasoning
94378,San Remo Spaghetti Angel Hair Pasta No 9 500g,$2.30 ,$0.46 / 100G,/shop/productdetails/94378/san-remo-spaghetti-angel-hair-pasta-no-9
33892,Campbell's Condensed Soup Cream Of Chicken & Corn 420g,$2.20 ,$0.52 / 100G,/shop/productdetails/33892/campbell-s-condensed-soup-cream-of-chicken-corn
24053,John West Lunch Kit With Crackers Tuna With Sweetcorn In Mayonnaise 108g,$3.20 ,$29.63 / 1KG,/shop/productdetails/24053/john-west-lunch-kit-with-crackers-tuna-with-sweetcorn-in-mayonnaise
1469,Paramount Salmon Pink 415g,$8.20 ,$19.76 / 1KG,/shop/productdetails/1469/paramount-salmon-pink
749926,Mckenzie's Himalayan Salt Rock Pink 400g,$5.55 ,$0.14 / 10G,/shop/productdetails/749926/mckenzie-s-himalayan-salt-rock-pink
620646,Barilla Pasta Gluten Free Spaghetti 340g,$4.70 ,$1.38 / 100G,/shop/productdetails/620646/barilla-pasta-gluten-free-spaghetti-gluten-free
733705,Sanitarium Up&go Liquid Breakfast Vanilla Ice 12 Pack,$15.80 ,$5.27 / 1L,/shop/productdetails/733705/sanitarium-up-go-liquid-breakfast-vanilla-ice
196455,Essentials Chocolate Topping 600ml,$1.80 ,$0.30 / 100ML,/shop/productdetails/196455/essentials-chocolate-topping
95460,Twinings Blackcurrant & Blueberry Tea Bags 10 Pack,$2.00 ,$0.20 / 1EA,/shop/productdetails/95460/twinings-blackcurrant-blueberry-tea-bags
744490,Sanitarium So Good Long Life Unsweetened Almond Milk 1l,$2.90 ,$2.90 / 1L,/shop/productdetails/744490/sanitarium-so-good-long-life-unsweetened-almond-milk
77385,Woolworths Minced Garlic 500g,$2.40 ,$0.05 / 10G,/shop/productdetails/77385/woolworths-minced-garlic
62735,Fantastic Chicken Noodle Cup 70g,$0.97 ,$1.39 / 100G,/shop/productdetails/62735/fantastic-chicken-noodle-cup
700648,Macro Organic Passata 700g,$2.20 ,$0.31 / 100G,/shop/productdetails/700648/macro-organic-passata
106518,Old El Paso Tortilla Pockets 223g,$4.80 ,$2.15 / 100G,/shop/productdetails/106518/old-el-paso-tortilla-pockets
340182,Masterfoods Barbecue Sauce Smokey 500ml,$4.50 ,$0.90 / 100ML,/shop/productdetails/340182/masterfoods-barbecue-sauce-smokey
939228,Smooze Pink Guava & Coconut 8x65ml,$5.25 ,$1.01 / 100ML,/shop/productdetails/939228/smooze-pink-guava-coconut
774157,Queen Fairtrade Vanilla Extract With Seeds 50ml,$7.10 ,$1.42 / 10ML,/shop/productdetails/774157/queen-fairtrade-vanilla-extract-with-seeds
330631,Jade Phoenix Ingredients Mushroom Dried Whole Shiitake 50g,$4.50 ,$90.00 / 1KG,/shop/productdetails/330631/jade-phoenix-ingredients-mushroom-dried-whole-shiitake
116839,Wokka Noodles Thin Egg Style Stir Fry 440g,$2.70 ,$0.61 / 100G,/shop/productdetails/116839/wokka-noodles-thin-egg-style-stir-fry
779134,Woolworths Unsweetened Almond Milk 1l,$2.00 ,$2.00 / 1L,/shop/productdetails/779134/woolworths-unsweetened-almond-milk
765578,Cottee's Thick 'n' Rich Caramel Sauce Ice Cream Topping 575g,$3.80 ,$0.66 / 100G,/shop/productdetails/765578/cottee-s-thick-n-rich-caramel-sauce-ice-cream-topping
700276,Woolworths Lasagne Sheets 250g,$2.00 ,$0.80 / 100G,/shop/productdetails/700276/woolworths-lasagne-sheets
179361,Edgell Australian Super Sweet Corn Kernels 125g X4 Pack,$3.80 ,$7.60 / 1KG,/shop/productdetails/179361/edgell-australian-super-sweet-corn-kernels
663584,Macro Organic Black Bean No Added Salt 420g,$1.50 ,$0.36 / 100G,/shop/productdetails/663584/macro-organic-black-bean-no-added-salt
19158,Continental Cup A Soup Hearty Roast Chicken 2 Pack,$2.80 ,$3.73 / 100G,/shop/productdetails/19158/continental-cup-a-soup-hearty-roast-chicken
188059,Heinz Beanz Baked Beans In Tomato Sauce Multipack 130g X4 Pack,$5.70 ,$1.10 / 100G,/shop/productdetails/188059/heinz-beanz-baked-beans-in-tomato-sauce-multipack
771216,Macro Organic Lentils 425g,$1.50 ,$0.35 / 100G,/shop/productdetails/771216/macro-organic-lentils
134420,T2 Sleep Tight Tea Bags 10 Pack,$7.00 ,$0.70 / 1EA,/shop/productdetails/134420/t2-sleep-tight-tea-bags
726937,T2 Melbourne Breakfast Black Tea Bags 25 Pack,$16.00 ,$0.64 / 1EA,/shop/productdetails/726937/t2-melbourne-breakfast-black-tea-bags
672826,Woolworths Tuna Sweet Chilli With Crackers 112g,$2.10 ,$18.75 / 1KG,/shop/productdetails/672826/woolworths-tuna-sweet-chilli-with-crackers
244754,Sunrice Microwave Jasmine Rice In 90 Seconds 250g,$3.00 ,$1.20 / 100G,/shop/productdetails/244754/sunrice-microwave-jasmine-rice-in-90-seconds
88313,Sacla Whole Cherry Tomato Parmesan Pasta Sauce 420g,$3.80 ,$0.90 / 100G,/shop/productdetails/88313/sacla-whole-cherry-tomato-parmesan-pasta-sauce
45931,Campbell's Country Ladle Soup Farmhouse Vegetable 495g,$2.25 ,$0.45 / 100G,/shop/productdetails/45931/campbell-s-country-ladle-soup-farmhouse-vegetable
38288,Dilmah Premium Quality Tea Bags 100 Pack,$5.85 ,$0.06 / 1EA,/shop/productdetails/38288/dilmah-premium-quality-tea-bags
665785,Sugarless Low Calorie Sweetener Sachets 132 Pack,$6.00 ,$4.55 / 100EA,/shop/productdetails/665785/sugarless-low-calorie-sweetener-sachets
186169,Continental Cup A Soup Classic Cream Of Chicken 75g,$3.00 ,$4.00 / 100G,/shop/productdetails/186169/continental-cup-a-soup-classic-cream-of-chicken
750525,"Heinz Soup Of The Day Tomato, Vegetable & Lentil Soup Pouch 430g",$4.50 ,$1.05 / 100G,/shop/productdetails/750525/heinz-soup-of-the-day-tomato-vegetable-lentil-soup-pouch
37562,Uncle Tobys Oats Quick Rolled Oats Porridge 1kg,$3.25 ,$0.33 / 100G,/shop/productdetails/37562/uncle-tobys-oats-quick-rolled-oats-porridge
346835,Woolworths Pasta Fettuccine 500g,$1.00 ,$0.20 / 100G,/shop/productdetails/346835/woolworths-pasta-fettuccine
153757,Wokka Noodles Golden Hokkien Shelf Fresh 440g,$2.70 ,$0.61 / 100G,/shop/productdetails/153757/wokka-noodles-golden-hokkien-shelf-fresh
574822,Tetley Tagless Tea Bags 200 Pack,$6.90 ,$0.03 / 1EA,/shop/productdetails/574822/tetley-tagless-tea-bags
211269,John West Salmon Slices In Springwater 125g,$3.80 ,$30.40 / 1KG,/shop/productdetails/211269/john-west-salmon-slices-in-springwater
446476,Maggi Dry Recipe Bases Devilled Sausages 37g,$1.75 ,$4.73 / 100G,/shop/productdetails/446476/maggi-dry-recipe-bases-devilled-sausages
471887,Sandhurst Cucumbers Sandwich Stacker 500g,$4.20 ,$8.40 / 1KG,/shop/productdetails/471887/sandhurst-cucumbers-sandwich-stacker
34393,Continental Simmer Soup French Onion 40g,$1.20 ,$3.00 / 100G,/shop/productdetails/34393/continental-simmer-soup-french-onion
217099,Mingle Smokey Taco Mild Chipotle Spice Blend 30g,$1.95 ,$6.50 / 100G,/shop/productdetails/217099/mingle-smokey-taco-mild-chipotle-spice-blend
727013,T2 French Earl Grey Black Tea Bags 25 Pack,$16.00 ,$0.64 / 1EA,/shop/productdetails/727013/t2-french-earl-grey-black-tea-bags
320499,Campbell's Country Ladle Soup Garden Vegetable & Wholegrain Barley 500g,$2.25 ,$0.45 / 100G,/shop/productdetails/320499/campbell-s-country-ladle-soup-garden-vegetable-wholegrain-barley
35742,San Remo Penne Pasta No 18 500g,$2.30 ,$0.46 / 100G,/shop/productdetails/35742/san-remo-penne-pasta-no-18
370260,Campbell's Country Ladle Soup Rich & Creamy Pumpkin 500g,$2.25 ,$0.45 / 100G,/shop/productdetails/370260/campbell-s-country-ladle-soup-rich-creamy-pumpkin
702205,Natural Coarse Sea Salt Grinder 380g,$6.50 ,$0.17 / 10G,/shop/productdetails/702205/natural-coarse-sea-salt-grinder
87914,Woolworths Tartare Sauce 250ml,$2.50 ,$1.00 / 100ML,/shop/productdetails/87914/woolworths-tartare-sauce
78652,Cornwell's Apple Cider Vinegar Cider 750ml,$3.40 ,$0.45 / 100ML,/shop/productdetails/78652/cornwell-s-apple-cider-vinegar-cider
256880,Woolworths Vinegar Red Wine 500ml,$2.50 ,$0.50 / 100ML,/shop/productdetails/256880/woolworths-vinegar-red-wine
87820,Sacla Cherry Tomato & Roasted Garlic Pasta Sauce 420g,$3.80 ,$0.90 / 100G,/shop/productdetails/87820/sacla-cherry-tomato-roasted-garlic-pasta-sauce
176246,Safcol Salmon With Mild Red Chilli Pouch 100g,$2.20 ,$22.00 / 1KG,/shop/productdetails/176246/safcol-salmon-with-mild-red-chilli-pouch
155945,Starbucks By Nespresso Italian Roast Coffee Pods 10 Pack,$7.90 ,$0.79 / 1EA,/shop/productdetails/155945/starbucks-by-nespresso-italian-roast-coffee-pods
311469,Sunrice Microwave Indian Aromatic Basmati Rice 450g,$4.00 ,$0.89 / 100G,/shop/productdetails/311469/sunrice-microwave-indian-aromatic-basmati-rice
158306,Saxa Black Peppercorn Pepper Grinder 45g,$5.50 ,$1.22 / 10G,/shop/productdetails/158306/saxa-black-peppercorn-pepper-grinder
220696,Woolworths Pink Salmon 210g,$3.45 ,$16.43 / 1KG,/shop/productdetails/220696/woolworths-pink-salmon
65617,Edgell Snack Time Chickpea Olive Oil Garlic & Rosemary 70g,$1.60 ,$2.29 / 100G,/shop/productdetails/65617/edgell-snack-time-chickpea-olive-oil-garlic-rosemary
750401,La Zuppa Soup Pouch Chicken & Vegetable 540g,$3.95 ,$0.73 / 100G,/shop/productdetails/750401/la-zuppa-soup-pouch-chicken-vegetable-tuscan-chicken-vegetable
446455,Maggi Dry Recipe Bases Satay Chicken 43g,$1.75 ,$4.07 / 100G,/shop/productdetails/446455/maggi-dry-recipe-bases-satay-chicken
95064,Maggi Seasoning Sauce 200ml,$5.00 ,$2.50 / 100ML,/shop/productdetails/95064/maggi-seasoning-sauce
26128,Robert Timms Gold Colombia Coffee Bags 28 Pack,$13.50 ,$0.48 / 1EA,/shop/productdetails/26128/robert-timms-gold-colombia-coffee-bags
11251,San Remo Vermicelli Egg Noodle Pasta 250g,$1.60 ,$0.64 / 100G,/shop/productdetails/11251/san-remo-vermicelli-egg-noodle-pasta
94341,Twinings Mango & Strawberry Tea Bags 10 Pack,$2.00 ,$0.20 / 1EA,/shop/productdetails/94341/twinings-mango-strawberry-tea-bags-infusions
205694,Mckenzie's Cream Of Tartar 125g,$4.00 ,$3.20 / 100G,/shop/productdetails/205694/mckenzie-s-cream-of-tartar
753340,Woolworths Pesto Basil 190g,$1.95 ,$1.03 / 100G,/shop/productdetails/753340/woolworths-pesto-basil
99542,Campbell's Country Ladle Soup Pea & Ham 500g,$2.25 ,$0.45 / 100G,/shop/productdetails/99542/campbell-s-country-ladle-soup-pea-ham
739878,San Remo Spirals Spelt Pasta 250g,$4.50 ,$1.80 / 100G,/shop/productdetails/739878/san-remo-spirals-spelt-pasta
465068,Always Fresh Sundried Tomato Strips 480g,$8.00 ,$16.67 / 1KG,/shop/productdetails/465068/always-fresh-sundried-tomato-strips
96253,Csr Icing Sugar Soft Mixture 1kg,$4.50 ,$0.45 / 100G,/shop/productdetails/96253/csr-icing-sugar-soft-mixture
245580,Campbell's Chunky Soup Potato & Bacon 505g,$2.25 ,$0.45 / 100G,/shop/productdetails/245580/campbell-s-chunky-soup-potato-bacon
250981,Woolworths Basil Leaves 10g,$1.50 ,$1.50 / 10G,/shop/productdetails/250981/woolworths-basil-leaves
196943,Woolworths Creamed Rice 420g,$1.75 ,$0.42 / 100G,/shop/productdetails/196943/woolworths-creamed-rice
298168,Heinz Big N Chunky Ravioli With Beef & Tomato Canned Meal 535g,$3.90 ,$0.73 / 100G,/shop/productdetails/298168/heinz-big-n-chunky-ravioli-with-beef-tomato-canned-meal
36278,John West Tuna Spread 95g,$2.75 ,$2.89 / 100G,/shop/productdetails/36278/john-west-tuna-spread
143327,Mckenzie's Vegan Instant Dried Baker's Yeast 200g,$5.00 ,$2.50 / 100G,/shop/productdetails/143327/mckenzie-s-vegan-instant-dried-baker-s-yeast
830566,Mcvitie's Go Ahead Crispy Slices Sultana & Apple (5x3pk) 218g,$4.40 ,$2.02 / 100G,/shop/productdetails/830566/mcvitie-s-go-ahead-crispy-slices-sultana-apple-5x3pk-
83117,Vegeta Chicken Stock Cubes 60g,$1.50 ,$0.25 / 10G,/shop/productdetails/83117/vegeta-chicken-stock-cubes
744521,Woolworths Peaches In Juice Cups 4 Pack,$2.20 ,$4.40 / 1KG,/shop/productdetails/744521/woolworths-peaches-in-juice-cups
322478,Csr Smart White Sugar Blend 500g,$3.00 ,$0.60 / 100G,/shop/productdetails/322478/csr-smart-white-sugar-blend
8647,Twinings Irish Breakfast Tea Bags 100 Pack 200g,$13.50 ,$0.14 / 1EA,/shop/productdetails/8647/twinings-irish-breakfast-tea-bags
703375,Passage To Asia Teriyaki Chicken 200g,$3.50 ,$1.75 / 100G,/shop/productdetails/703375/passage-to-asia-teriyaki-chicken
340444,Safcol Salmon Tomato & Onion 95g,$2.00 ,$21.05 / 1KG,/shop/productdetails/340444/safcol-salmon-tomato-onion
244756,Sunrice Microwave Medium Grain Brown Rice In 90 250g,$3.00 ,$1.20 / 100G,/shop/productdetails/244756/sunrice-microwave-medium-grain-brown-rice-in-90
491620,Dollar Sweets Choclettes Sprinkles Jar 115g,$3.50 ,$3.04 / 100G,/shop/productdetails/491620/dollar-sweets-choclettes-sprinkles-jar
50431,Masterfoods Tuscan Seasoning 40g,$4.30 ,$1.08 / 10G,/shop/productdetails/50431/masterfoods-tuscan-seasoning
803520,Sunrice Jasmine Fragrant Rice 5kg,$24.00 ,$0.48 / 100G,/shop/productdetails/803520/sunrice-jasmine-fragrant-rice
251132,Woolworths Parsley Flakes 5g,$1.25 ,$2.50 / 10G,/shop/productdetails/251132/woolworths-parsley-flakes
35781,Campbell's Condensed Soup Vegetable & Beef 420g,$2.20 ,$0.52 / 100G,/shop/productdetails/35781/campbell-s-condensed-soup-vegetable-beef
167443,Continental Cup A Soup Asian Thai Red Curry 30g X 2 Pack,$2.80 ,$4.67 / 100G,/shop/productdetails/167443/continental-cup-a-soup-asian-thai-red-curry
728232,Tilda Microwave Coconut Basmati Rice 250g,$3.50 ,$1.40 / 100G,/shop/productdetails/728232/tilda-microwave-coconut-basmati-rice
189655,Sanitarium Up&go Liquid Breakfast Strawberry 6 Pack,$10.50 ,$7.00 / 1L,/shop/productdetails/189655/sanitarium-up-go-liquid-breakfast-strawberry
95082,Starbucks By Nespresso Pike Place Roast Lungo Coffee Pods 10 Pack,$7.90 ,$0.79 / 1EA,/shop/productdetails/95082/starbucks-by-nespresso-pike-place-roast-lungo-coffee-pods
790349,Kewpie Salad Dressing Roasted Sesame 210ml,$5.20 ,$2.48 / 100ML,/shop/productdetails/790349/kewpie-salad-dressing-roasted-sesame
80787,Continental Soup Sensations Thai Pumpkin & Coconut Serves 2 62g,$2.50 ,$4.03 / 100G,/shop/productdetails/80787/continental-soup-sensations-thai-pumpkin-coconut-serves-2
34057,Heinz Spaghetti In Tomato Sauce Canned Pasta Tinned Pasta 220g,$2.00 ,$0.91 / 100G,/shop/productdetails/34057/heinz-spaghetti-in-tomato-sauce-canned-pasta-tinned-pasta
474369,Tabasco Chipotle Sauce 60ml,$4.70 ,$7.83 / 100ML,/shop/productdetails/474369/tabasco-chipotle-sauce
492075,Woolworths Champignon Whole 400g,$1.50 ,$3.75 / 1KG,/shop/productdetails/492075/woolworths-champignon-whole
787275,Old El Paso Stand 'n Stuff Tortilla Fajitas 8 Pack,$6.00 ,$3.11 / 100G,/shop/productdetails/787275/old-el-paso-stand-n-stuff-tortilla-fajitas
678703,Continental Superb Stock Liquid Stock Chicken 1l,$4.00 ,$0.40 / 100ML,/shop/productdetails/678703/continental-superb-stock-liquid-stock-chicken
625156,Heinz Beanz Baked Beans In Tomato Sauce 300g,$2.80 ,$0.93 / 100G,/shop/productdetails/625156/heinz-beanz-baked-beans-in-tomato-sauce
781572,Heinz Soup Of The Day Green Pea With Ham Soup Pouch 430g,$4.50 ,$1.05 / 100G,/shop/productdetails/781572/heinz-soup-of-the-day-green-pea-with-ham-soup-pouch
758117,Heinz Spaghetti And Meatballs 420g,$3.00 ,$0.71 / 100G,/shop/productdetails/758117/heinz-spaghetti-and-meatballs-meatballs-in-tomato-sauce
80040,Marion's Kitchen Classic Japanese Teriyaki 240ml,$5.00 ,$2.08 / 100ML,/shop/productdetails/80040/marion-s-kitchen-classic-japanese-teriyaki
94732,Woolworths Golden Syrup 400g,$2.20 ,$0.55 / 100G,/shop/productdetails/94732/woolworths-golden-syrup
804280,Brunswick Sardines In Olive Oil 120g,$5.25 ,$43.75 / 1KG,/shop/productdetails/804280/brunswick-sardines-in-olive-oil
33637,Devondale Skim Long Life Milk 1l,$2.20 ,$2.20 / 1L,/shop/productdetails/33637/devondale-skim-long-life-milk
636072,Moro Sherry Vinegar 250ml,$5.50 ,$2.20 / 100ML,/shop/productdetails/636072/moro-sherry-vinegar
121531,Pandaroo Ingredients Rice Paper Spring Roll 150g,$2.30 ,$1.53 / 100G,/shop/productdetails/121531/pandaroo-ingredients-rice-paper-spring-roll
84981,Sa Gourmet Food Co Creamy Pumpkin Soup 430g,$3.00 ,$0.70 / 100G,/shop/productdetails/84981/sa-gourmet-food-co-creamy-pumpkin-soup
236624,Safcol No Nets Tuna In Springwater 185g,$2.90 ,$15.68 / 1KG,/shop/productdetails/236624/safcol-no-nets-tuna-in-springwater
452464,The Spice Tailor Rustic Rogan Josh 300g,$3.10 ,$1.03 / 100G,/shop/productdetails/452464/the-spice-tailor-rustic-rogan-josh
492070,Woolworths Creamed Corn 400g,,,/shop/productdetails/492070/woolworths-creamed-corn
34437,Edgell Corn Kernels Whole 420g,$2.20 ,$5.24 / 1KG,/shop/productdetails/34437/edgell-corn-kernels-whole
228519,Lotus Peak White Tea Bags 25 Pack 50g,$4.00 ,$0.16 / 1EA,/shop/productdetails/228519/lotus-peak-white-tea-bags
228497,Twinings Green Tea & Mint Tea Bags 10 Pack,$2.00 ,$0.20 / 1EA,/shop/productdetails/228497/twinings-green-tea-mint-tea-bags-tea-bags
663582,Woolworths Mexican Style 3 Bean Mix No Added Salt Can 420g,$1.00 ,$0.24 / 100G,/shop/productdetails/663582/woolworths-mexican-style-3-bean-mix-no-added-salt-can
353695,Three Threes Tomato Sauce 275ml,$3.30 ,$1.20 / 100ML,/shop/productdetails/353695/three-threes-tomato-sauce
830270,Doree Fried Shallots 100g,$3.30 ,$3.30 / 100G,/shop/productdetails/830270/doree-fried-shallots
676616,Hart & Soul All Natural Cauliflower Cashew Soup 400g,$3.80 ,$0.95 / 100G,/shop/productdetails/676616/hart-soul-all-natural-cauliflower-cashew-soup
335400,Macro Organic Flour White Spelt 750g,$7.50 ,$10.00 / 1KG,/shop/productdetails/335400/macro-organic-flour-white-spelt
674571,Woolworths Buttermilk Pancake Shaker 350g,$1.80 ,$0.51 / 100G,/shop/productdetails/674571/woolworths-buttermilk-pancake-shaker
742287,Heinz Spaghetti & Sausages Canned 420g,$3.00 ,$0.71 / 100G,/shop/productdetails/742287/heinz-spaghetti-sausages-canned
228496,Twinings Green Tea & Lemon Tea Bags 10 Pack,$2.00 ,$0.20 / 1EA,/shop/productdetails/228496/twinings-green-tea-lemon-tea-bags-bags
18160,Woolworths Pitted Dates 500g,$1.85 ,$3.70 / 1KG,/shop/productdetails/18160/woolworths-pitted-dates
232208,Hermesetas Sweetener Tablets 300 Pack,$4.30 ,$1.43 / 100EA,/shop/productdetails/232208/hermesetas-sweetener-tablets
189725,Pandaroo Coconut Milk 400ml,$1.65 ,$0.41 / 100ML,/shop/productdetails/189725/pandaroo-coconut-milk
39444,San Remo Shells Small Pasta No 28 500g,$2.30 ,$0.46 / 100G,/shop/productdetails/39444/san-remo-shells-small-pasta-no-28
726364,Woolworths Raisins 375g,$3.75 ,$10.00 / 1KG,/shop/productdetails/726364/woolworths-raisins
663636,Safcol Premium Salmon Soy & Ginger 95g,$2.00 ,$21.05 / 1KG,/shop/productdetails/663636/safcol-premium-salmon-soy-ginger
726355,Woolworths Pine Nuts 80g,$3.95 ,$49.38 / 1KG,/shop/productdetails/726355/woolworths-pine-nuts
94376,Leggos Pesto Sundried Tomato 190g,$5.30 ,$2.79 / 100G,/shop/productdetails/94376/leggo-s-pesto-sundried-tomato
186409,Massel Stock Powder Beef 168g,$3.75 ,$0.22 / 10G,/shop/productdetails/186409/massel-stock-powder-beef
292796,Cottee's Strawberry Jam 375g,$2.80 ,$0.75 / 100G,/shop/productdetails/292796/cottee-s-strawberry-jam
657421,Heinz Baked Beans Canned Beans In Tomato Sauce 555g,$2.80 ,$0.50 / 100G,/shop/productdetails/657421/heinz-baked-beans-canned-beans-in-tomato-sauce
32782,Masterfoods Vanillin Sugar 65g,$2.80 ,$0.43 / 10G,/shop/productdetails/32782/masterfoods-vanillin-sugar
38339,Yeo's Satay Sauce Satay Bbq 250ml,$5.00 ,$2.00 / 100ML,/shop/productdetails/38339/yeo-s-satay-sauce-satay-bbq
94843,Equal Sweetener Tablets 100 Pack,$3.20 ,$3.20 / 100EA,/shop/productdetails/94843/equal-sweetener-tablets
673516,Lighthouse Yeast Bread Improver 10x7g,$5.30 ,$7.57 / 100G,/shop/productdetails/673516/lighthouse-yeast-bread-improver
63966,Safcol Tuna Pouch Lentils & Black Rice 160g,$3.50 ,$21.88 / 1KG,/shop/productdetails/63966/safcol-tuna-pouch-lentils-black-rice
77420,Green's Maple Flavoured Syrup 375g,$2.80 ,$0.75 / 100G,/shop/productdetails/77420/green-s-maple-flavoured-syrup
703559,Passage To Asia Satay Chicken 200g,$3.50 ,$1.75 / 100G,/shop/productdetails/703559/passage-to-asia-satay-chicken
135885,Spam Turkey Oven Roasted 340g,$5.00 ,$14.71 / 1KG,/shop/productdetails/135885/spam-turkey-oven-roasted
94255,Vetta Smart Fibre Dinosaur Pasta 500g,$2.35 ,$0.47 / 100G,/shop/productdetails/94255/vetta-smart-fibre-dinosaur-pasta
694551,Woolworths Basmati Rice 2kg,$7.50 ,$0.38 / 100G,/shop/productdetails/694551/woolworths-basmati-rice
66605,Woolworths Yellowfin Tuna & Rice Yellow Curry Fried Rice 190g,$2.95 ,$15.53 / 1KG,/shop/productdetails/66605/woolworths-yellowfin-tuna-rice-yellow-curry-fried-rice
749885,Campbell's Real Stock Beef Liquid Stock 250ml,$1.80 ,$0.72 / 100ML,/shop/productdetails/749885/campbell-s-real-stock-beef-liquid-stock
207607,Mutti Polpa Baby Roma Tomatoes Chopped 300g,$2.60 ,$8.67 / 1KG,/shop/productdetails/207607/mutti-polpa-baby-roma-tomatoes-chopped
95263,Essentials Cake Mix Vanilla 340g,$0.90 ,$0.26 / 100G,/shop/productdetails/95263/essentials-cake-mix-vanilla
67926,John West Oysters Smoked In Oil 85g,$3.30 ,$38.82 / 1KG,/shop/productdetails/67926/john-west-oysters-smoked-in-oil
757861,Fountain Barbecue Bbq Sauce Reduced Sugar 500ml,$2.00 ,$0.40 / 100ML,/shop/productdetails/757861/fountain-barbecue-bbq-sauce-reduced-sugar
451922,Leggo's Pasta Sauce Bolognese Red Wine Chunky Tomato & Herbs 500g,$4.30 ,$0.86 / 100G,/shop/productdetails/451922/leggo-s-pasta-sauce-bolognese-red-wine-chunky-tomato-herbs
235754,John West Wild Caught Salmon In Olive Oil Blend 200g,$3.70 ,$18.50 / 1KG,/shop/productdetails/235754/john-west-wild-caught-salmon-in-olive-oil-blend
750522,Heinz Soup Of The Day Creamy Mushroom With Thyme Soup Pouch 430g,$4.50 ,$1.05 / 100G,/shop/productdetails/750522/heinz-soup-of-the-day-creamy-mushroom-with-thyme-soup-pouch
720425,Woolworths Citrus Juice Lime 250ml,$1.00 ,$0.40 / 100ML,/shop/productdetails/720425/woolworths-citrus-juice-lime
34133,Golden Circle Canned Vegetables Sliced Beetroot Cans 850g,$2.40 ,$2.82 / 1KG,/shop/productdetails/34133/golden-circle-canned-vegetables-sliced-beetroot-cans
157450,John West Calcium Rich Tuna Lemon & Cracked Pepper 90g,$2.00 ,$22.22 / 1KG,/shop/productdetails/157450/john-west-calcium-rich-tuna-lemon-cracked-pepper
166239,Continental Cup A Soup Creamy Mushroom With Croutons 2 Pack 50g,$2.80 ,$5.60 / 100G,/shop/productdetails/166239/continental-cup-a-soup-creamy-mushroom-with-croutons-2-pack
153220,Edgell Snack Time Chargrilled Corn Black Beans W Lime & Herbs 70g 70g,$1.60 ,$2.29 / 100G,/shop/productdetails/153220/edgell-snack-time-chargrilled-corn-black-beans-w-lime-herbs-70g
680455,Old El Paso Gluten Free Soft Taco Kit Mexican Style 418g,$9.50 ,$2.27 / 100G,/shop/productdetails/680455/old-el-paso-gluten-free-soft-taco-kit-mexican-style
765973,Sanitarium Up&go Liquid Breakfast Strawberry 12 Pack,$15.80 ,$5.27 / 1L,/shop/productdetails/765973/sanitarium-up-go-liquid-breakfast-strawberry
115766,Starbucks By Nespresso Decaf Espresso Roast Coffee Pods 10 Pack,$7.90 ,$0.79 / 1EA,/shop/productdetails/115766/starbucks-by-nespresso-decaf-espresso-roast-coffee-pods
255396,Splenda Sweetener Tablets 500 Pack,$9.85 ,$1.97 / 100EA,/shop/productdetails/255396/splenda-sweetener-tablets
94563,Equal Sweetener Sachets 50 Pack,$4.20 ,$8.40 / 100EA,/shop/productdetails/94563/equal-sweetener-sachets
90260,Essentials Tomato Paste 170g,$0.95 ,$0.56 / 100G,/shop/productdetails/90260/essentials-tomato-paste
827596,Uncle Tobys Cereal Plus Antioxidant 765g,$7.00 ,$0.92 / 100G,/shop/productdetails/827596/uncle-tobys-cereal-plus-antioxidant
251356,Woolworths Pure Honey 400g,$5.70 ,$1.43 / 100G,/shop/productdetails/251356/woolworths-pure-honey
698736,Heinz Spaghetti Extra Cheesy Pasta Tinned Spaghetti Cheese 535g,$2.80 ,$0.52 / 100G,/shop/productdetails/698736/heinz-spaghetti-extra-cheesy-pasta-tinned-spaghetti-cheese
352574,Marco Polo European Foods Semolina 750g,$3.45 ,$0.46 / 100G,/shop/productdetails/352574/marco-polo-european-foods-semolina
575832,Twinings Morning Tea Bags 100 Pack,$13.50 ,$0.14 / 1EA,/shop/productdetails/575832/twinings-morning-tea-bags
830564,Mcvitie's Go Ahead Crispy Slices Sultana & Raspberry (5x3pk) 218g,$4.40 ,$2.02 / 100G,/shop/productdetails/830564/mcvitie-s-go-ahead-crispy-slices-sultana-raspberry-5x3pk-
647761,Woolworths Garlic Salt 72g,$1.70 ,$0.24 / 10G,/shop/productdetails/647761/woolworths-garlic-salt
236188,John West Protein+ Vitamin B12 Tuna Capsicum & Basil With Crackers 94g,$3.50 ,$37.23 / 1KG,/shop/productdetails/236188/john-west-protein-vitamin-b12-tuna-capsicum-basil-with-crackers
46382,Trident Hot & Spicy 2 Minute Noodles 85g,$1.00 ,$1.18 / 100G,/shop/productdetails/46382/trident-hot-spicy-2-minute-noodles
258476,Woolworths Tomato Paste 415g,$2.10 ,$0.51 / 100G,/shop/productdetails/258476/woolworths-tomato-paste
262206,Capilano 100% Pure Australian Honey Squeeze 500g,$6.80 ,$1.36 / 100G,/shop/productdetails/262206/capilano-100-pure-australian-honey-squeeze
33920,John West Salmon Pink 210g,$6.50 ,$30.95 / 1KG,/shop/productdetails/33920/john-west-salmon-pink
195091,Moro Vinegar Red Wine 500ml,$5.00 ,$1.00 / 100ML,/shop/productdetails/195091/moro-vinegar-red-wine
858008,Pureharvest Almond Milk Unsweetened 1l,$2.00 ,$2.00 / 1L,/shop/productdetails/858008/pureharvest-almond-milk-unsweetened
76240,Chang's Sesame Oil 150ml,$3.30 ,$2.20 / 100ML,/shop/productdetails/76240/chang-s-sesame-oil
177521,Ben's Original Lightly Flavour Coconut Microwave Rice Pouch 250g,$3.00 ,$1.20 / 100G,/shop/productdetails/177521/ben-s-original-lightly-flavour-coconut-microwave-rice-pouch
78630,Safcol Salmon Premium 200g,$5.00 ,$25.00 / 1KG,/shop/productdetails/78630/safcol-salmon-premium
233922,Woolworths Smooth Peanut Butter 500g,$2.90 ,$0.58 / 100G,/shop/productdetails/233922/woolworths-smooth-peanut-butter
221225,Katoomba Roti Bread 6 Pack,$4.50 ,$1.15 / 100G,/shop/productdetails/221225/katoomba-roti-bread
147720,Uncle Tobys Oats Quick Sachets Big Bowl Creamy Honey Porridge 368g,$5.00 ,$1.36 / 100G,/shop/productdetails/147720/uncle-tobys-oats-quick-sachets-big-bowl-creamy-honey-porridge
48883,Fantastic Chicken Noodle Bowl 85g,$0.97 ,$1.14 / 100G,/shop/productdetails/48883/fantastic-chicken-noodle-bowl
428726,Mckenzie's Bi Carb Soda 1kg,$3.95 ,$0.40 / 100G,/shop/productdetails/428726/mckenzie-s-bi-carb-soda
32306,Sanitarium Up&go Liquid Breakfast Choc Ice 3 Pack,$5.60 ,$7.47 / 1L,/shop/productdetails/32306/sanitarium-up-go-liquid-breakfast-choc-ice
321222,Woolworths Quick Oats 750g,$1.40 ,$0.19 / 100G,/shop/productdetails/321222/woolworths-quick-oats
227107,Edgell Australian Grown Chickpeas 400g,$1.70 ,$0.43 / 100G,/shop/productdetails/227107/edgell-australian-grown-chickpeas
21356,Massel Ultracubes Chicken 105g,$3.00 ,$0.29 / 10G,/shop/productdetails/21356/massel-ultracubes-chicken
820407,Woolworths Mexican Style Tuna Salad 185g,$2.95 ,$15.95 / 1KG,/shop/productdetails/820407/woolworths-mexican-style-tuna-salad
262823,Woolworths Natural Plain Waffle Cones 12 Pack,$3.20 ,$1.88 / 100G,/shop/productdetails/262823/woolworths-natural-plain-waffle-cones
780101,Dole Pineapple Premium Tropical Chunks 432g,$2.50 ,$5.79 / 1KG,/shop/productdetails/780101/dole-pineapple-premium-tropical-chunks
59852,Heinz Special Burger Sauce Original Sauces 295ml,$4.00 ,$1.36 / 100ML,/shop/productdetails/59852/heinz-special-burger-sauce-original-sauces
198918,Sunrice Clever Rice Low Gi White 1kg,$4.60 ,$0.46 / 100G,/shop/productdetails/198918/sunrice-clever-rice-low-gi-white
10109,Twinings Russian Caravan Tea Bags 10 Pack,$2.00 ,$0.20 / 1EA,/shop/productdetails/10109/twinings-russian-caravan-tea-bags-tea-bags
196948,Wokka Noodles Singapore Style Shelf Fresh 440g,$2.70 ,$0.61 / 100G,/shop/productdetails/196948/wokka-noodles-singapore-style-shelf-fresh
492077,Woolworths Water Chestnuts Sliced 225g,$1.25 ,$5.56 / 1KG,/shop/productdetails/492077/woolworths-water-chestnuts-sliced
38930,Promite Spread 290g,$5.30 ,$1.83 / 100G,/shop/productdetails/38930/promite-promite-spread
199796,Sanitarium Weet-bix Honey & Golden Oats 450g,$6.00 ,$1.33 / 100G,/shop/productdetails/199796/sanitarium-weet-bix-honey-golden-oats
81497,Continental Soup Sensations Mushroom & Bacon Serves 2 48g,$2.50 ,$5.21 / 100G,/shop/productdetails/81497/continental-soup-sensations-mushroom-bacon-serves-2
35990,Masterfoods Sweet & Sour Sauce 270g,$3.50 ,$1.30 / 100G,/shop/productdetails/35990/masterfoods-sweet-sour-sauce
862713,The Spice Tailor Thai Green Curry Kit 275g,$6.20 ,$2.25 / 100G,/shop/productdetails/862713/the-spice-tailor-thai-green-curry-kit
338075,Kuhne German Barrel Sauerkraut 810g,$6.20 ,$0.77 / 100G,/shop/productdetails/338075/kuhne-german-barrel-sauerkraut
345635,Masterfoods Satay Chicken Stir Fry Recipe Base 175g,$2.80 ,$1.60 / 100G,/shop/productdetails/345635/masterfoods-satay-chicken-stir-fry-recipe-base
342450,Masterfoods Seasoning All Purpose 200g,$6.50 ,$0.33 / 10G,/shop/productdetails/342450/masterfoods-seasoning-all-purpose
65889,Sole Mare Portuguese Style Sardines In Tomato Sauce 120g,$3.00 ,$25.00 / 1KG,/shop/productdetails/65889/sole-mare-portuguese-style-sardines-in-tomato-sauce
243805,Kellogg's Sustain Original Breakfast Cereal 460g,$7.50 ,$1.63 / 100G,/shop/productdetails/243805/kelloggs-sustain-original-breakfast-cereal
36668,Campbell's Condensed Soup Cream Of Asparagus 420g,$2.20 ,$0.52 / 100G,/shop/productdetails/36668/campbell-s-condensed-soup-cream-of-asparagus
728313,Twinings Assam Bold Black Tea Bags 80 Pack,$13.50 ,$0.17 / 1EA,/shop/productdetails/728313/twinings-assam-bold-black-tea-bags-tea
431225,Maharajah's Choice Semolina Flour 1kg,$2.85 ,$0.29 / 100G,/shop/productdetails/431225/maharajah-s-choice-semolina-flour
345112,Obento Japanese Noodles Soba 180g,$1.55 ,$0.86 / 100G,/shop/productdetails/345112/obento-japanese-noodles-soba
690091,Woolworths Peppermint Tea 40 Pack,$1.75 ,$0.04 / 1EA,/shop/productdetails/690091/woolworths-peppermint-tea
740748,Woolworths Cream Cheese Spread 245g,$3.30 ,$13.47 / 1KG,/shop/productdetails/740748/woolworths-cream-cheese-spread
792784,Sunsol Muesli Almond Cashew Macadamia Walnut 500g,$6.00 ,$1.20 / 100G,/shop/productdetails/792784/sunsol-muesli-almond-cashew-macadamia-walnut
701638,Kellogg's Just Right Apricot & Sultana Breakfast Cereal 460g,$7.00 ,$1.52 / 100G,/shop/productdetails/701638/kelloggs-just-right-apricot-sultana-breakfast-cereal
18475,Kewpie Sriracha Mayonnaise 300g,$5.50 ,$1.83 / 100G,/shop/productdetails/18475/kewpie-sriracha-mayonnaise
360276,Robert Timms Instant Coffee Premium Full-bodied 500g,$20.00 ,$4.00 / 100G,/shop/productdetails/360276/robert-timms-instant-coffee-premium-full-bodied
250988,Woolworths Cajun Seasoning 35g,$2.00 ,$0.57 / 10G,/shop/productdetails/250988/woolworths-cajun-seasoning
12079,Chicken Tonight Simmer Sauce Honey & Mustard 485g,$3.60 ,$0.74 / 100G,/shop/productdetails/12079/chicken-tonight-simmer-sauce-honey-mustard
114170,Edgell Corn Kernels 125g,$1.40 ,$11.20 / 1KG,/shop/productdetails/114170/edgell-corn-kernels
750315,La Zuppa Soup Pouch Roasted Pumpkin 540g,$3.95 ,$0.73 / 100G,/shop/productdetails/750315/la-zuppa-soup-pouch-roasted-pumpkin-roasted-pumpkin
476440,Woolworths Himalayan Pink Salt Fine Cut Shaker 125g,$3.20 ,$0.26 / 10G,/shop/productdetails/476440/woolworths-himalayan-pink-salt-fine-cut-shaker
741011,Natvia Sweetener Sticks 40 Pack,$4.50 ,$11.25 / 100EA,/shop/productdetails/741011/natvia-sweetener-sticks
91446,San Remo Shells Large Pasta No 29 500g,$2.30 ,$0.46 / 100G,/shop/productdetails/91446/san-remo-shells-large-pasta-no-29
63967,Safcol Tuna Pouch Red Beans & Quinoa 160g,$3.50 ,$21.88 / 1KG,/shop/productdetails/63967/safcol-tuna-pouch-red-beans-quinoa
574769,Tetley Tagless Tea Bags 100 Pack,$3.80 ,$0.04 / 1EA,/shop/productdetails/574769/tetley-tagless-tea-bags
820408,Woolworths Asian Style Tuna Quinoa Salad 185g,$2.95 ,$15.95 / 1KG,/shop/productdetails/820408/woolworths-asian-style-tuna-quinoa-salad
535606,Woolworths Wholemeal Self Raising Flour 1kg,$2.00 ,$2.00 / 1KG,/shop/productdetails/535606/woolworths-wholemeal-self-raising-flour
381389,Lion Classic Scone Mix 535g,$3.70 ,$6.92 / 1KG,/shop/productdetails/381389/lion-classic-scone-mix
257657,Continental Cup A Soup Dutch Curry With Rice Serves 2 55g,$2.80 ,$5.09 / 100G,/shop/productdetails/257657/continental-cup-a-soup-dutch-curry-with-rice-serves-2
88307,Continental Recipe Base Curried Sausages 35g,$1.80 ,$5.14 / 100G,/shop/productdetails/88307/continental-recipe-base-curried-sausages
81715,Mutti Parma Sugo Semplice Basil Pasta Sauce 400g,$4.00 ,$1.00 / 100G,/shop/productdetails/81715/mutti-parma-sugo-semplice-basil-pasta-sauce
781560,Heinz Soup Of The Day Thai Style Chicken & Chilli Soup Pouch 430g,$4.50 ,$1.05 / 100G,/shop/productdetails/781560/heinz-soup-of-the-day-thai-style-chicken-chilli-soup-pouch
591732,Spc Diced Peaches In Juice Fruit Cups 4 X 120g,$4.50 ,$9.38 / 1KG,/shop/productdetails/591732/spc-diced-peaches-in-juice-fruit-cups
873018,Woolworths Smoked Oysters In Oil 85g,$1.50 ,$17.65 / 1KG,/shop/productdetails/873018/woolworths-smoked-oysters-in-oil
167376,John West Protein Plus Magnesium Tuna With Lime & Chilli 170g,$4.00 ,$23.53 / 1KG,/shop/productdetails/167376/john-west-protein-plus-magnesium-tuna-with-lime-chilli
202801,Woolworths Crispy Rice Pops 370g,$2.85 ,$0.77 / 100G,/shop/productdetails/202801/woolworths-crispy-rice-pops
701705,Kellogg's Coco Pops Chocolatey Breakfast Cereal 375g,$7.00 ,$1.87 / 100G,/shop/productdetails/701705/kelloggs-coco-pops-chocolatey-breakfast-cereal
167628,Heinz Big N Chunky Chicken & Corn Soup Tinned Ready Meals 535g,$3.90 ,$0.73 / 100G,/shop/productdetails/167628/heinz-big-n-chunky-chicken-corn-soup-tinned-ready-meals
98800,Saxa Ground Black Pepper 50g,$4.20 ,$0.84 / 10G,/shop/productdetails/98800/saxa-ground-black-pepper-picnic-pack
111551,Vetta Rural Aid Spirals Pasta Value Pack 750g,$2.50 ,$0.33 / 100G,/shop/productdetails/111551/vetta-rural-aid-spirals-pasta-value-pack
20439,Wokka Rice Noodles 440g,$2.70 ,$0.61 / 100G,/shop/productdetails/20439/wokka-rice-noodles
92491,Csr Golden Syrup Squeeze 500g,$4.50 ,$0.90 / 100G,/shop/productdetails/92491/csr-golden-syrup-squeeze
601343,Woolworths Jasmine Rice 5kg,$14.00 ,$0.28 / 100G,/shop/productdetails/601343/woolworths-jasmine-rice
89160,Cloverdale Pure Honey Squeeze 400g,$4.70 ,$1.18 / 100G,/shop/productdetails/89160/cloverdale-pure-honey-squeeze
142948,Woolworths Fresh Mint Bunch,$3.20 ,$3.20 / 1EA,/shop/productdetails/142948/woolworths-fresh-mint
85776,Australian Organic Food Co 100% Australian Organic Tomato & Basil Soup Pouch 330g,$3.90 ,$1.18 / 100G,/shop/productdetails/85776/australian-organic-food-co-100-australian-organic-tomato-basil-soup-pouch
120207,Sanitarium So Good Oat No Added Sugar Uht Milk 1l,$2.80 ,$2.80 / 1L,/shop/productdetails/120207/sanitarium-so-good-oat-no-added-sugar-uht-milk
160683,Altimate Extra Thick Ice Cream Wafers 80g,$3.00 ,$3.75 / 100G,/shop/productdetails/160683/altimate-extra-thick-ice-cream-wafers
98328,Csr Golden Syrup 850g,$4.75 ,$0.56 / 100G,/shop/productdetails/98328/csr-golden-syrup
34442,Fountain Spicy Red Sauce 250ml,$3.00 ,$1.20 / 100ML,/shop/productdetails/34442/fountain-spicy-red-sauce-sauce
83820,Hart & Soul All Natural Teriyaki Stir Fry Recipe Base 80g,$2.50 ,$0.31 / 10G,/shop/productdetails/83820/hart-soul-all-natural-teriyaki-stir-fry-recipe-base
840089,Continental Recipe Base Creamy Chicken Stroganoff 40g,$1.80 ,$4.50 / 100G,/shop/productdetails/840089/continental-recipe-base-creamy-chicken-stroganoff
691961,Fehlbergs Sandwich Stackers 500g,$5.00 ,$10.00 / 1KG,/shop/productdetails/691961/fehlbergs-sandwich-stackers
750394,La Zuppa Soup Pouch Rustic Vegetable 540g,$3.95 ,$0.73 / 100G,/shop/productdetails/750394/la-zuppa-soup-pouch-rustic-vegetable-rustic-vegetable
32063,Liddells Full Cream Long Life Milk Lactose Free 1l,$3.00 ,$3.00 / 1L,/shop/productdetails/32063/liddells-full-cream-long-life-milk-lactose-free
206535,Obento Japanese Sushi Kit 540g,$12.80 ,$2.37 / 100G,/shop/productdetails/206535/obento-japanese-sushi-kit
147896,Uncle Tobys Oats Quick Sachets Family Pack Creamy Honey Porridge 700g,$9.50 ,$1.36 / 100G,/shop/productdetails/147896/uncle-tobys-oats-quick-sachets-family-pack-creamy-honey-porridge
31655,Wai Wai Rice Vermicelli Large 500g,$3.75 ,$0.75 / 100G,/shop/productdetails/31655/wai-wai-rice-vermicelli-large
34094,Edgell Creamed Corn Creamed 420g,$2.20 ,$5.24 / 1KG,/shop/productdetails/34094/edgell-creamed-corn-creamed
578151,The Spice Tailor Classic Tarka Daal 500g,$4.75 ,$0.95 / 100G,/shop/productdetails/578151/the-spice-tailor-classic-tarka-daal
256878,Woolworths Balsamic Vinegar 500ml,$2.70 ,$0.54 / 100ML,/shop/productdetails/256878/woolworths-balsamic-vinegar
229703,Old El Paso Gluten Free Taco Spice Mix Mild 30g,$2.40 ,$8.00 / 100G,/shop/productdetails/229703/old-el-paso-gluten-free-taco-spice-mix-mild
283137,Robert Timms Mocha Kenya Style Coffee Bags 28 Pack,$13.50 ,$0.48 / 1EA,/shop/productdetails/283137/robert-timms-mocha-kenya-style-coffee-bags
260739,Woolworths Extra Virgin Olive Oil Spray 150g,$2.55 ,$1.70 / 100G,/shop/productdetails/260739/woolworths-extra-virgin-olive-oil-spray
251131,Woolworths Paprika Smoked 30g,$2.40 ,$0.80 / 10G,/shop/productdetails/251131/woolworths-paprika-smoked
2623,John West Salmon Red 415g,$14.00 ,$33.73 / 1KG,/shop/productdetails/2623/john-west-salmon-red
82540,Vegeta Beef Stock Cubes 60g,$1.50 ,$0.25 / 10G,/shop/productdetails/82540/vegeta-beef-stock-cubes
690094,Woolworths Camomile Tea 40 Pack,$1.75 ,$0.04 / 1EA,/shop/productdetails/690094/woolworths-camomile-tea
34929,Edgell Australian Sliced Beetroot 225g,$1.60 ,$7.11 / 1KG,/shop/productdetails/34929/edgell-australian-sliced-beetroot
626956,Obento Tonkatsu Sauce 250ml,$2.55 ,$1.02 / 100ML,/shop/productdetails/626956/obento-tonkatsu-sauce
167105,John West Salmon Chilli 95g,$2.90 ,$30.53 / 1KG,/shop/productdetails/167105/john-west-salmon-chilli
619416,San Remo Pasta Wagon Wheels 500g,$2.30 ,$0.46 / 100G,/shop/productdetails/619416/san-remo-pasta-wagon-wheels
369908,Sanitarium Up&go Liquid Breakfast Banana 6 Pack,$10.50 ,$7.00 / 1L,/shop/productdetails/369908/sanitarium-up-go-liquid-breakfast-banana
267561,Sunrice Microwave Indian Basmati Rice 250g,$3.00 ,$1.20 / 100G,/shop/productdetails/267561/sunrice-microwave-indian-basmati-rice
839703,Essentials Traditional Pasta Sauce 700g,$2.50 ,$0.36 / 100G,/shop/productdetails/839703/essentials-traditional-pasta-sauce
172092,Masterfoods Chinese Beef Stir Fry Recipe Base 175g,$2.80 ,$1.60 / 100G,/shop/productdetails/172092/masterfoods-chinese-beef-stir-fry-recipe-base
114000,Trident Laksa Flavour Thai Noodle Soup 50g,$1.25 ,$2.50 / 100G,/shop/productdetails/114000/trident-laksa-flavour-thai-noodle-soup
94849,Zafarelli Piccolo Pasta No 40 500g,$1.85 ,$0.37 / 100G,/shop/productdetails/94849/zafarelli-piccolo-pasta-no-40
830259,Chacheer Sunflower Seeds Spiced 228g,$4.00 ,$1.75 / 100G,/shop/productdetails/830259/chacheer-sunflower-seeds-spiced
563932,Woolworths Sweet Chilli Sauce 700ml,$2.95 ,$0.42 / 100ML,/shop/productdetails/563932/woolworths-sweet-chilli-sauce
218900,Woolworths Whole Baby Carrots Baby 410g,$1.50 ,$3.66 / 1KG,/shop/productdetails/218900/woolworths-whole-baby-carrots-baby
315578,Barilla Bolognese Pasta Sauce 400g,$4.60 ,$1.15 / 100G,/shop/productdetails/315578/barilla-bolognese-pasta-sauce-bolognese
251189,Essentials Bicarbonate Soda 500g,$2.45 ,$0.49 / 100G,/shop/productdetails/251189/essentials-bicarbonate-soda
765982,Sanitarium Up&go Liquid Breakfast Banana 12 Pack,$15.80 ,$5.27 / 1L,/shop/productdetails/765982/sanitarium-up-go-liquid-breakfast-banana
791172,Macro Organic Pasta Sauce Chunky Bolognese 500g,$2.30 ,$0.46 / 100G,/shop/productdetails/791172/macro-organic-pasta-sauce-chunky-bolognese
218915,Woolworths Peas & Carrots 420g,$1.35 ,$3.21 / 1KG,/shop/productdetails/218915/woolworths-peas-carrots
683102,Ayam Kecap Manis Sweet Soy Sauce 210ml,$3.50 ,$1.67 / 100ML,/shop/productdetails/683102/ayam-kecap-manis-sweet-soy-sauce
514479,Old El Paso Stand 'n Stuff Mini Taco Tortillas 12 Pack,$4.80 ,$3.31 / 100G,/shop/productdetails/514479/old-el-paso-stand-n-stuff-mini-taco-tortillas
244755,Sunrice Microwave Long Grain In 90 Seconds 250g,$3.00 ,$1.20 / 100G,/shop/productdetails/244755/sunrice-microwave-long-grain-in-90-seconds
827588,Uncle Tobys Cereal Plus Iron 710g,$7.00 ,$0.99 / 100G,/shop/productdetails/827588/uncle-tobys-cereal-plus-iron
83995,Sanitarium So Good Barista Edition Soy Milk 1l,$3.00 ,$3.00 / 1L,/shop/productdetails/83995/sanitarium-so-good-barista-edition-soy-milk
789413,Pandaroo Vermicelli Brown Rice 200g,$2.35 ,$1.18 / 100G,/shop/productdetails/789413/pandaroo-vermicelli-brown-rice
808850,Heilala Baking Blend Vanilla Bean Paste 65g,$6.80 ,$10.46 / 100G,/shop/productdetails/808850/heilala-baking-blend-vanilla-bean-paste
93055,Masterfoods Pepper Steak Seasoning 35g,$4.20 ,$1.20 / 10G,/shop/productdetails/93055/masterfoods-pepper-steak-seasoning
147406,Uncle Tobys Oats Quick Sachets Berry Variety Porridge 350g,$6.30 ,$1.80 / 100G,/shop/productdetails/147406/uncle-tobys-oats-quick-sachets-berry-variety-porridge
683110,Heinz Smokey Bbq Sauce Barbecue Sauce 500ml,$4.00 ,$0.80 / 100ML,/shop/productdetails/683110/heinz-smokey-bbq-sauce-barbecue-sauce
33459,King Oscar Sardines Tomato Sauce Single Layer 105g,$2.50 ,$23.81 / 1KG,/shop/productdetails/33459/king-oscar-sardines-tomato-sauce-single-layer
290369,Lucky Sunflower Kernels 200g,$1.79 ,$8.95 / 1KG,/shop/productdetails/290369/lucky-sunflower-kernels
257411,Maggi Gravy Mix Roast Meat 27g,$1.00 ,$0.37 / 10G,/shop/productdetails/257411/maggi-gravy-mix-roast-meat
172087,Always Fresh Sundried Tomatoes Strips 670g,$7.50 ,$1.12 / 100G,/shop/productdetails/172087/always-fresh-sundried-tomatoes-strips
758314,Dolmio Extra Italian Herbs Tomato Pasta Sauce 500g,$3.50 ,$0.70 / 100G,/shop/productdetails/758314/dolmio-extra-italian-herbs-tomato-pasta-sauce
95459,Twinings Green Tea & Jasmine Tea Bags 10 Pack,$2.00 ,$0.20 / 1EA,/shop/productdetails/95459/twinings-green-tea-jasmine-tea-bags
38921,Bega Peanut Butter Crunchy 780g,$7.50 ,$0.96 / 100G,/shop/productdetails/38921/bega-peanut-butter-crunchy
320302,Continental Cup A Soup Hearty Pea & Ham 2 Pack,$2.80 ,$5.38 / 100G,/shop/productdetails/320302/continental-cup-a-soup-hearty-pea-ham
748338,Maggi Stir Fry Asian Style Teriyaki Sesame Flavour 150g,$3.50 ,$2.33 / 100G,/shop/productdetails/748338/maggi-stir-fry-asian-style-teriyaki-sesame-flavour
750412,Heinz Classic Sweet Potato & Pumpkin Soup Vegetarian Ready Meals 535g,$3.90 ,$0.73 / 100G,/shop/productdetails/750412/heinz-classic-sweet-potato-pumpkin-soup-vegetarian-ready-meals
733355,Stubb's Original Bbq Sauce Sauce 510g,$6.50 ,$1.27 / 100G,/shop/productdetails/733355/stubb-s-original-bbq-sauce-sauce
141917,Continental Calssics Flavoured Rice Chicken Serves 2 120g,$2.80 ,$2.33 / 100G,/shop/productdetails/141917/continental-calssics-flavoured-rice-chicken-serves-2
438564,Hart & Soul Coconut & Lentil Soup 400g,$3.80 ,$0.95 / 100G,/shop/productdetails/438564/hart-soul-coconut-lentil-soup
754521,Aeroplane Ready To Eat Jelly Cup Snack Raspberry Flavour 120g,$1.40 ,$1.17 / 100G,/shop/productdetails/754521/aeroplane-ready-to-eat-jelly-cup-snack-raspberry-flavour
83273,Sanitarium So Good Barista Edition Oat Milk 1l,$4.00 ,$4.00 / 1L,/shop/productdetails/83273/sanitarium-so-good-barista-edition-oat-milk
59695,Starbucks By Nespresso Single Origin Sumatra Coffee Pods 10 Pack,$7.90 ,$0.79 / 1EA,/shop/productdetails/59695/starbucks-by-nespresso-single-origin-sumatra-coffee-pods
81712,Mutti Parma Sugo Semplice Parmigiano Reggiano Pasta Sauce 400g,$4.00 ,$1.00 / 100G,/shop/productdetails/81712/mutti-parma-sugo-semplice-parmigiano-reggiano-pasta-sauce
808574,Stagg Dynamite Hot Chili With Beans 425g,$3.50 ,$0.82 / 100G,/shop/productdetails/808574/stagg-dynamite-hot-chili-with-beans
452050,Leggo's Pasta Bake Creamy Tomato & Mozzarella 500g,$4.00 ,$0.80 / 100G,/shop/productdetails/452050/leggo-s-pasta-bake-creamy-tomato-mozzarella
261734,Ben's Original Tomato & Basil Microwave Rice Pouch 250g,$3.00 ,$1.20 / 100G,/shop/productdetails/261734/ben-s-original-tomato-basil-microwave-rice-pouch
866153,The Spice Tailor Thai Red Curry Kit 275g,$6.20 ,$2.25 / 100G,/shop/productdetails/866153/the-spice-tailor-thai-red-curry-kit
795297,Mutti Passata 700g,$4.40 ,$0.63 / 100G,/shop/productdetails/795297/mutti-passata
3414,The Spice Tailor Thai Massaman Curry Kit 275g,$6.20 ,$2.25 / 100G,/shop/productdetails/3414/the-spice-tailor-thai-massaman-curry-kit
40327,Abc Sweet Soy Sauce Kecap Manis 620ml,$5.60 ,$0.90 / 100ML,/shop/productdetails/40327/abc-sweet-soy-sauce-kecap-manis
355479,Masterfoods Lemon Herb & Garlic Seasoning 46g,$3.50 ,$0.76 / 10G,/shop/productdetails/355479/masterfoods-lemon-herb-garlic-seasoning
272761,Anchor Margaret River Verjuice 375ml,$6.70 ,$1.79 / 100ML,/shop/productdetails/272761/anchor-margaret-river-verjuice
32928,Continental Cup A Soup Classic Hearty Beef 4 Pack,$3.00 ,$5.45 / 100G,/shop/productdetails/32928/continental-cup-a-soup-classic-hearty-beef
83295,Woolworths Panko Bread Crumbs 220g,$2.30 ,$1.05 / 100G,/shop/productdetails/83295/woolworths-panko-bread-crumbs
804025,Brunswick Sardines With Lemon &thyme 120g,$5.25 ,$43.75 / 1KG,/shop/productdetails/804025/brunswick-sardines-with-lemon-thyme
204987,Uncle Tobys Oats Quick Sachets Original Porridge 340g,$6.30 ,$1.85 / 100G,/shop/productdetails/204987/uncle-tobys-oats-quick-sachets-original-porridge
346206,Woolworths Dressing Ranch 300ml,$1.80 ,$0.60 / 100ML,/shop/productdetails/346206/woolworths-dressing-ranch
48900,San Remo Bows Ties Pasta No 23 500g,$2.30 ,$0.46 / 100G,/shop/productdetails/48900/san-remo-bows-ties-pasta-no-23
108065,Tayto Cheese & Onion Crisps 45g,$2.80 ,$6.67 / 100G,/shop/productdetails/108065/tayto-cheese-onion-crisps
18158,Woolworths Apricot Dried 500g,$6.00 ,$12.00 / 1KG,/shop/productdetails/18158/woolworths-apricot-dried
203930,Kellogg's Rice Bubbles Puffed Rice Breakfast Cereal 860g,$10.00 ,$1.16 / 100G,/shop/productdetails/203930/kelloggs-rice-bubbles-puffed-rice-breakfast-cereal
726962,T2 Just Peppermint Herbal Tisane Bags 25 Pack,$13.00 ,$0.52 / 1EA,/shop/productdetails/726962/t2-just-peppermint-herbal-tisane-bags
168,Tcc Coconut Milk 400ml,$2.30 ,$0.58 / 100ML,/shop/productdetails/168/tcc-coconut-milk
829004,Cadbury Baking Milk Chocolate Chips 200g,$3.50 ,$1.75 / 100G,/shop/productdetails/829004/cadbury-baking-milk-chocolate-chips
258380,Sacla Whole Cherry Tomato Pasta Sauce Arrabbiata 420g,$3.80 ,$0.90 / 100G,/shop/productdetails/258380/sacla-whole-cherry-tomato-pasta-sauce-arrabbiata
148885,Uncle Tobys Oats Quick Sachets Brown Sugar & Cinnamon Porridge 350g,$6.30 ,$1.80 / 100G,/shop/productdetails/148885/uncle-tobys-oats-quick-sachets-brown-sugar-cinnamon-porridge
33278,Cottee's Ice Magic Chocolate Ice Cream Topping 220g,$4.00 ,$1.82 / 100G,/shop/productdetails/33278/cottee-s-ice-magic-chocolate-ice-cream-topping
74614,La Molisana Pastifico Extra Di Lusso Linguine 500g,$2.80 ,$0.56 / 100G,/shop/productdetails/74614/la-molisana-pastifico-extra-di-lusso-linguine
451923,Leggo's Roasted Galic - Chunky Tomato & Onion Pasta Sauce 500g,$4.30 ,$0.86 / 100G,/shop/productdetails/451923/leggo-s-roasted-galic-chunky-tomato-onion-pasta-sauce
32523,Cornwell's Apple Cider Vinegar Cider 2l,$5.50 ,$0.28 / 100ML,/shop/productdetails/32523/cornwell-s-apple-cider-vinegar-cider
223136,Masterfoods Recipe Base Tuscan Meatballs 175g,$2.80 ,$1.60 / 100G,/shop/productdetails/223136/masterfoods-recipe-base-tuscan-meatballs
765491,Sunrice Heat & Serve Rice & Quinoa 250g,$3.50 ,$1.40 / 100G,/shop/productdetails/765491/sunrice-heat-serve-rice-quinoa
218931,Woolworths Garden Peas Green 420g,$1.50 ,$3.57 / 1KG,/shop/productdetails/218931/woolworths-garden-peas-green
251024,Woolworths Ginger Ground 25g,$1.85 ,$0.74 / 10G,/shop/productdetails/251024/woolworths-ginger-ground
27855,Woolworths Stuffing Mix 200g,$1.35 ,$0.07 / 10G,/shop/productdetails/27855/woolworths-stuffing-mix
333314,Woolworths Wheat Biscuits 1.12kg,$4.60 ,$0.41 / 100G,/shop/productdetails/333314/woolworths-wheat-biscuits
373172,Continental Sensations Stock Pot Beef Beef 28g X 4 Pack,$4.50 ,$0.40 / 10G,/shop/productdetails/373172/continental-sensations-stock-pot-beef-beef
676610,Hart & Soul All Natural Wonton Soup Cup 100g,$2.00 ,$2.00 / 100G,/shop/productdetails/676610/hart-soul-all-natural-wonton-soup-cup
192816,Edgell Corn Kernels Canned Snack Packs 125g X 4 Pack,$3.80 ,$7.60 / 1KG,/shop/productdetails/192816/edgell-corn-kernels-canned-snack-packs
335402,Macro Organic Flour Wholemeal Spelt 750g,$7.50 ,$10.00 / 1KG,/shop/productdetails/335402/macro-organic-flour-wholemeal-spelt
39362,Bega Peanut Butter Smooth 780g,$7.50 ,$0.96 / 100G,/shop/productdetails/39362/bega-peanut-butter-smooth
34126,Edgell Sauerkraut Canned Vegetables Fermented 410g,$3.60 ,$8.78 / 1KG,/shop/productdetails/34126/edgell-sauerkraut-canned-vegetables-fermented
38648,Leggos Pasta Sauce Spaghetti With Beef 680g,$5.00 ,$0.74 / 100G,/shop/productdetails/38648/leggo-s-pasta-sauce-spaghetti-with-beef
50748,Masterfoods Garlic & Herb Salt 62g,,,/shop/productdetails/50748/masterfoods-garlic-herb-salt
102957,Sea Friend Wasabi Seasoned Seaweed 8 Pack,$5.00 ,$12.50 / 100G,/shop/productdetails/102957/sea-friend-wasabi-seasoned-seaweed
757750,Fountain Soy And Honey Sauce 250ml,$3.00 ,$1.20 / 100ML,/shop/productdetails/757750/fountain-soy-and-honey-sauce-sauce
307853,Sshmallows Cake Decoration Mallows Mini Assorted 100g,$2.00 ,$2.00 / 100G,/shop/productdetails/307853/sshmallows-cake-decoration-mallows-mini-assorted
656969,Kan Tong Teriyaki Chicken Meal Base Pouch 175g,$3.50 ,$2.00 / 100G,/shop/productdetails/656969/kan-tong-teriyaki-chicken-meal-base-pouch
15646,Il Molino Durum Wheat Fine Semolina Pasta Flour 1kg,$3.50 ,$3.50 / 1KG,/shop/productdetails/15646/il-molino-durum-wheat-fine-semolina-pasta-flour
678711,Australian Organic Food Co 8 Vegetable Minestrone Soup Pouch 330g,$3.90 ,$1.18 / 100G,/shop/productdetails/678711/australian-organic-food-co-8-vegetable-minestrone-soup-pouch
43701,Edgell Baby Peas & Corn Baby Peas & Super Sweet Corn 420g,$2.50 ,$5.95 / 1KG,/shop/productdetails/43701/edgell-baby-peas-corn-baby-peas-super-sweet-corn
701719,Kellogg's Rice Bubbles Puffed Rice Breakfast Cereal 250g,$5.40 ,$2.16 / 100G,/shop/productdetails/701719/kelloggs-rice-bubbles-puffed-rice-breakfast-cereal
16119,Riviana Basmati Rice Pakistan Long Grain 5kg,$30.00 ,$0.60 / 100G,/shop/productdetails/16119/riviana-basmati-rice-pakistan-long-grain
41949,Twinings Darjeeling Tea Bags 10 Pack,$2.00 ,$0.20 / 1EA,/shop/productdetails/41949/twinings-darjeeling-tea-bags-tea-bags
108762,Heilala Vanilla Extract With Seeds 50ml,$8.00 ,$16.00 / 100ML,/shop/productdetails/108762/heilala-vanilla-extract-with-seeds
698868,Woolworths Extra Virgin Spanish Olive Oil 1l,$11.00 ,$1.10 / 100ML,/shop/productdetails/698868/woolworths-extra-virgin-spanish-olive-oil
658460,Kan Tong Satay Chicken Meal Base Pouch 180g,$3.50 ,$1.94 / 100G,/shop/productdetails/658460/kan-tong-satay-chicken-meal-base-pouch
727561,Laucke Country Women's Scone Mix 1kg,$5.00 ,$5.00 / 1KG,/shop/productdetails/727561/laucke-country-women-s-scone-mix
91963,Nerada Tea Bags 50 Pack 100g,$2.70 ,$0.05 / 1EA,/shop/productdetails/91963/nerada-tea-bags
92804,Hoyts Vanilla Sugar 25g,$1.50 ,$0.60 / 10G,/shop/productdetails/92804/hoyts-vanilla-sugar
74798,La Molisana Pastificio Extra Di Lusso Wholewheat Spaghetti 500g,$3.50 ,$0.70 / 100G,/shop/productdetails/74798/la-molisana-pastificio-extra-di-lusso-wholewheat-spaghetti
290303,Mutti Tomato Paste Double Concentrate 130g,$1.85 ,$1.42 / 100G,/shop/productdetails/290303/mutti-tomato-paste-double-concentrate
245951,Gravox Traditional Liquid Gravy Pouch 165g,$2.80 ,$1.70 / 100G,/shop/productdetails/245951/gravox-traditional-liquid-gravy-pouch-liquid-traditional
758371,"Kan Tong Stir Fry Sauce Honey, Sesame & Garlic 520g",$3.00 ,$0.58 / 100G,/shop/productdetails/758371/kan-tong-stir-fry-sauce-honey-sesame-garlic
847730,Massel Organic Liquid Stock Beef 1l,$4.00 ,$0.40 / 100ML,/shop/productdetails/847730/massel-organic-liquid-stock-beef
204111,Campbell's Real Soup Immunity Pumpkin With Tumeric 515g,,,/shop/productdetails/204111/campbell-s-real-soup-immunity-pumpkin-with-tumeric
445342,Natural Ceramic Grinder Himalayan Rock Salt 100g,$5.25 ,$0.53 / 10G,/shop/productdetails/445342/natural-ceramic-grinder-himalayan-rock-salt
71324,Woolworths Coconut Fine Desiccated 500g,$3.60 ,$7.20 / 1KG,/shop/productdetails/71324/woolworths-coconut-fine-desiccated
830601,Mcvitie's Go Ahead Crispy Slices Sultana & Forest Fruit (5x3p) 218g,$4.40 ,$2.02 / 100G,/shop/productdetails/830601/mcvitie-s-go-ahead-crispy-slices-sultana-forest-fruit-5x3p-
733664,Gravox Best Ever Schnitzel Liquid Gravy Pouch 165g,$2.80 ,$1.70 / 100G,/shop/productdetails/733664/gravox-best-ever-schnitzel-liquid-gravy-pouch
68980,Macro Organic Gluten Free Spaghetti 350g,$3.70 ,$1.06 / 100G,/shop/productdetails/68980/macro-organic-gluten-free-spaghetti
678341,Suimin Noodles Beef Massaman Curry 137g,$3.60 ,$2.63 / 100G,/shop/productdetails/678341/suimin-noodles-beef-massaman-curry
873023,Woolworths Smoked Mussels In Oil 85g,$1.70 ,$20.00 / 1KG,/shop/productdetails/873023/woolworths-smoked-mussels-in-oil
38911,Gravox Traditional Gravy Mix Tin 120g,$5.00 ,$0.42 / 10G,/shop/productdetails/38911/gravox-traditional-gravy-mix-tin-mix-traditional
820129,Mckenzie's Tapioca Flour 300g,$4.00 ,$1.33 / 100G,/shop/productdetails/820129/mckenzie-s-tapioca-flour
203813,Campbell's Real Soup Energy Tomato & Basil With Lentils 515g,,,/shop/productdetails/203813/campbell-s-real-soup-energy-tomato-basil-with-lentils
44025,San Remo Macaroni Pasta No 38 500g,$2.30 ,$0.46 / 100G,/shop/productdetails/44025/san-remo-macaroni-pasta-no-38
257224,Twinings Lady Grey Tea Bags 100 Pack,$13.50 ,$0.14 / 1EA,/shop/productdetails/257224/twinings-lady-grey-tea-bags-tea-bags
674570,Woolworths Original Pancake Shaker 350g,$1.80 ,$0.51 / 100G,/shop/productdetails/674570/woolworths-original-pancake-shaker
676579,Hart & Soul All Natural Tom Yum Soup Cup 100g,$2.00 ,$2.00 / 100G,/shop/productdetails/676579/hart-soul-all-natural-tom-yum-soup-cup
103162,Sea Friend Spicy Kimchi Seasoned Seaweed 8 Pack,$5.00 ,$12.50 / 100G,/shop/productdetails/103162/sea-friend-spicy-kimchi-seasoned-seaweed
167572,Campbell's Country Ladle Soup Potato & Leek 505g,$2.25 ,$0.45 / 100G,/shop/productdetails/167572/campbell-s-country-ladle-soup-potato-leek
438465,Hart & Soul Laksa Soup Pouch 400g,$3.80 ,$0.95 / 100G,/shop/productdetails/438465/hart-soul-laksa-soup-pouch
565831,Woolworths Apple Slices Pie Fruit 770g,$3.75 ,$4.87 / 1KG,/shop/productdetails/565831/woolworths-apple-slices-pie-fruit
298986,Masterfoods Tomato Relish 250g,$4.00 ,$16.00 / 1KG,/shop/productdetails/298986/masterfoods-tomato-relish
251528,Woolworths Dressing 99% Free French 300ml,$1.80 ,$0.60 / 100ML,/shop/productdetails/251528/woolworths-dressing-99-free-french
491631,Dollar Sweets Jurassic Bitz 125g,$3.50 ,$2.80 / 100G,/shop/productdetails/491631/dollar-sweets-jurassic-bitz
65618,Edgell Snack Time Chickpeas Salad Topper With Zesty Vinaigrette 70g,$1.60 ,$2.29 / 100G,/shop/productdetails/65618/edgell-snack-time-chickpeas-salad-topper-with-zesty-vinaigrette
748896,Woolworths Tomato Paste Sachet 4 Pack,$2.25 ,$1.13 / 100G,/shop/productdetails/748896/woolworths-tomato-paste-sachet
750738,Woolworths Vegetable Oil 750ml,$3.95 ,$0.53 / 100ML,/shop/productdetails/750738/woolworths-vegetable-oil
77901,Sanitarium Up&go Liquid Breakfast No Added Sugar Choc Ice 250ml X12 Pack,$15.80 ,$5.27 / 1L,/shop/productdetails/77901/sanitarium-up-go-liquid-breakfast-no-added-sugar-choc-ice
167216,Orion Turtle Chips Choco Churros 160g,$6.00 ,$3.75 / 100G,/shop/productdetails/167216/orion-turtle-chips-choco-churros
701038,Higher Living Sweet Dreams Tea Bags 15 Pack,$4.40 ,$0.29 / 1EA,/shop/productdetails/701038/higher-living-sweet-dreams-tea-bags
803556,Queen Ultimate Sprinkles Glamour & Sparkle 115g,$3.80 ,$3.30 / 100G,/shop/productdetails/803556/queen-ultimate-sprinkles-glamour-sparkle
201050,Conimex Sambal Oelek Paste Hot Chilli 190g,$4.00 ,$2.11 / 100G,/shop/productdetails/201050/conimex-sambal-oelek-paste-hot-chilli
52181,Spc Baked Beans Rich Tomato Salt Reduced 425g,$1.70 ,$0.40 / 100G,/shop/productdetails/52181/spc-baked-beans-rich-tomato-salt-reduced
91990,Leggo's Tomato Paste Triple Concentrate Tub 2x140g,$3.50 ,$1.25 / 100G,/shop/productdetails/91990/leggo-s-tomato-paste-triple-concentrate-tub
197155,Starbucks By Nespresso Coffee Pods Breakfast Blend 10 Pack,$7.90 ,$0.79 / 1EA,/shop/productdetails/197155/starbucks-by-nespresso-coffee-pods-breakfast-blend
258672,Masterfoods Squeezy Tomato Sauce 920ml,$5.00 ,$0.54 / 100ML,/shop/productdetails/258672/masterfoods-squeezy-tomato-sauce
95458,Continental Simmer Soup Chicken Noodle Salt Reduced 40g,$1.20 ,$3.00 / 100G,/shop/productdetails/95458/continental-simmer-soup-chicken-noodle-salt-reduced
162140,Vittoria Espresso Coffee Beans 1kg,$22.00 ,$2.20 / 100G,/shop/productdetails/162140/vittoria-espresso-coffee-beans
13674,Continental Cup A Soup Mild Chicken Curry With Lots Of Noodles 2 Pack,$2.80 ,$4.83 / 100G,/shop/productdetails/13674/continental-cup-a-soup-mild-chicken-curry-with-lots-of-noodles
82828,Continental Soup Sensations Moroccan Vegetable Medley Serves 2 68g,$2.50 ,$3.68 / 100G,/shop/productdetails/82828/continental-soup-sensations-moroccan-vegetable-medley-serves-2
205514,Woolworths Peach Slices In Juice 825g,$3.20 ,$3.88 / 1KG,/shop/productdetails/205514/woolworths-peach-slices-in-juice
86233,Dole Pineapple Pieces In Juice 227g,$2.10 ,$9.25 / 1KG,/shop/productdetails/86233/dole-pineapple-pieces-in-juice
329004,John West Tuna Beans Capsicum Corn & Chilli 185g,$4.40 ,$23.78 / 1KG,/shop/productdetails/329004/john-west-tuna-beans-capsicum-corn-chilli
511956,Old El Paso Stand 'n Stuff Mini Taco Kit Mexican Style 275g,$9.50 ,$3.45 / 100G,/shop/productdetails/511956/old-el-paso-stand-n-stuff-mini-taco-kit-mexican-style
48645,San Remo La Pasta Macaroni Cheese Single Snack 80g,$1.40 ,$1.75 / 100G,/shop/productdetails/48645/san-remo-la-pasta-macaroni-cheese-single-snack
251013,Woolworths Garam Masala 29g,$2.05 ,$0.71 / 10G,/shop/productdetails/251013/woolworths-garam-masala
446301,Continental Chicken Superbe Stock Stock Powder 130g,$3.00 ,$0.23 / 10G,/shop/productdetails/446301/continental-chicken-superbe-stock-stock-powder
182028,Hermesetas Mini Sweetener Tablets 800 Pack,$7.80 ,$0.98 / 100EA,/shop/productdetails/182028/hermesetas-mini-sweetener-tablets
879124,Essentials Breadcrumbs 750g,$2.55 ,$0.34 / 100G,/shop/productdetails/879124/essentials-breadcrumbs
451926,Leggo's Pasta Sauce Bolognese Mushroom Chunky Tomato & Herbs 500g,$4.30 ,$0.86 / 100G,/shop/productdetails/451926/leggo-s-pasta-sauce-bolognese-mushroom-chunky-tomato-herbs
710014,Sanitarium So Good Long Life Original Almond Milk 1l,$2.90 ,$2.90 / 1L,/shop/productdetails/710014/sanitarium-so-good-long-life-original-almond-milk
186170,Continental Cup A Soup Classic Cream Of Mushroom 4 Pack 70g,$3.00 ,$4.29 / 100G,/shop/productdetails/186170/continental-cup-a-soup-classic-cream-of-mushroom-4-pack
64810,Australia's Own Barista Almond 1l,$4.00 ,$4.00 / 1L,/shop/productdetails/64810/australia-s-own-barista-almond
789357,Woolworths Full Cream Milk Powder 1kg,$10.00 ,$1.00 / 100G,/shop/productdetails/789357/woolworths-full-cream-milk-powder
456578,Ocean Spray Craisins Reduced Sugar 150g,$4.00 ,$26.67 / 1KG,/shop/productdetails/456578/ocean-spray-craisins-reduced-sugar
690093,Woolworths Green Tea 50 Pack,$2.20 ,$0.04 / 1EA,/shop/productdetails/690093/woolworths-green-tea
23088,Sanitarium Up&go Liquid Breakfast Strawberry 3 Pack,$5.60 ,$7.47 / 1L,/shop/productdetails/23088/sanitarium-up-go-liquid-breakfast-strawberry
726973,T2 English Breakfast Black Tea Bags 25 Pack,$13.00 ,$0.52 / 1EA,/shop/productdetails/726973/t2-english-breakfast-black-tea-bags
112440,Vetta Rural Aid Penne Pasta Value Pack 750g,$2.50 ,$0.33 / 100G,/shop/productdetails/112440/vetta-rural-aid-penne-pasta-value-pack
202710,Conimex Ketjap Manis Sweet Soy Sauce 240ml,$4.25 ,$1.77 / 100ML,/shop/productdetails/202710/conimex-ketjap-manis-sweet-soy-sauce
94131,Vittoria Espresso Ground Coffee 1kg,$22.00 ,$2.20 / 100G,/shop/productdetails/94131/vittoria-espresso-ground-coffee
94626,Hoyts Bay Leaves 15g,$2.00 ,$1.33 / 10G,/shop/productdetails/94626/hoyts-bay-leaves
57198,Ayam Coconut Milk 270ml,$2.90 ,$1.07 / 100ML,/shop/productdetails/57198/ayam-coconut-milk
226413,Leggo's Pizza Sauce Garlic Onion Herb Triple Concentrate Sachets 4x50g,$3.00 ,$1.50 / 100G,/shop/productdetails/226413/leggo-s-pizza-sauce-garlic-onion-herb-triple-concentrate-sachets
205773,Zymil Long Life Full Cream Milk Lactose Free 250ml X3 Pack,$3.20 ,$4.27 / 1L,/shop/productdetails/205773/zymil-long-life-full-cream-milk-lactose-free
73928,Mckenzie's Dried Green Split Peas 500g,$1.60 ,$0.32 / 100G,/shop/productdetails/73928/mckenzie-s-dried-green-split-peas
149568,Sanitarium Up&go Protein Energize Vanilla 250ml X12 Pack,$15.80 ,$5.27 / 1L,/shop/productdetails/149568/sanitarium-up-go-protein-energize-vanilla
62747,Fantastic Beef Noodle Cup 70g,$0.97 ,$1.39 / 100G,/shop/productdetails/62747/fantastic-beef-noodle-cup
358075,Indomie Mi Goreng Noodle Cup 75g,$2.00 ,$2.67 / 100G,/shop/productdetails/358075/indomie-mi-goreng-noodle-cup
9096,Masterfoods Finely Crushed Garlic 170g,$3.00 ,$0.18 / 10G,/shop/productdetails/9096/masterfoods-finely-crushed-garlic
251005,Woolworths Coriander Seeds Ground 20g,$1.40 ,$0.70 / 10G,/shop/productdetails/251005/woolworths-coriander-seeds-ground
62664,Trident Chilli Sauce Sweet Chilli 730ml,$4.80 ,$0.66 / 100ML,/shop/productdetails/62664/trident-chilli-sauce-sweet-chilli
252668,Queen Sugar Free Maple Flavoured Syrup 355ml,$3.75 ,$1.06 / 100ML,/shop/productdetails/252668/queen-sugar-free-maple-flavoured-syrup
86489,Val Verde Basil & Oregano Pizza Sauce 280g,$4.20 ,$1.50 / 100G,/shop/productdetails/86489/val-verde-basil-oregano-pizza-sauce
87769,Westgold Full Cream Uht Milk 1l,$1.90 ,$1.90 / 1L,/shop/productdetails/87769/westgold-full-cream-uht-milk
167166,Jw Protein Plus Tuna Chickpeas Lemongrass & Lime 170g,$4.00 ,$23.53 / 1KG,/shop/productdetails/167166/jw-protein-plus-tuna-chickpeas-lemongrass-lime
743979,Amoy Dark Soy Sauce Dark Soy 150ml,$3.50 ,$2.33 / 100ML,/shop/productdetails/743979/amoy-dark-soy-sauce-dark-soy
18093,Essentials Butter Cake Mix 340g,$0.90 ,$0.26 / 100G,/shop/productdetails/18093/essentials-butter-cake-mix
668757,Woolworths Canned Diced Beetroot 425g,$1.75 ,$4.12 / 1KG,/shop/productdetails/668757/woolworths-canned-diced-beetroot
226912,Twinings Live Well Sleep Tea Bags 20 Pack,$4.25 ,$0.21 / 1EA,/shop/productdetails/226912/twinings-live-well-sleep-tea-bags
66591,Woolworths Tuna Pasta Sicilian 170g,$2.95 ,$17.35 / 1KG,/shop/productdetails/66591/woolworths-tuna-pasta-sicilian
74782,La Molisana Pastificio Extra Di Lusso Fettuccine 500g,$2.80 ,$0.56 / 100G,/shop/productdetails/74782/la-molisana-pastificio-extra-di-lusso-fettuccine
308172,Savour Snacks Peas Wasabi Flavoured 100g,$2.00 ,$20.00 / 1KG,/shop/productdetails/308172/savour-snacks-peas-wasabi-flavoured
584285,Edgell Four Bean Mix Picked & Soaked Canned Legumes 400g,$1.70 ,$4.25 / 1KG,/shop/productdetails/584285/edgell-four-bean-mix-picked-soaked-canned-legumes
142945,Sa Gourmet Food Co Garden Pea & Smokey Bacon Soup 430g,$3.00 ,$0.70 / 100G,/shop/productdetails/142945/sa-gourmet-food-co-garden-pea-smokey-bacon-soup
7932,Mckenzie's Baking Powder 125g,$2.85 ,$2.28 / 100G,/shop/productdetails/7932/mckenzie-s-baking-powder
924245,Australia's Own Unsweetened Almond Milk 1l,$3.10 ,$3.10 / 1L,/shop/productdetails/924245/australia-s-own-unsweetened-almond-milk
237206,Sirena La Vita Tuna In Oil 185g,$4.70 ,$25.41 / 1KG,/shop/productdetails/237206/sirena-la-vita-tuna-in-oil
680510,Woolworths Crushed Ginger 230g,$2.80 ,$0.12 / 10G,/shop/productdetails/680510/woolworths-crushed-ginger
786364,Belvita Chocolate Breakfast Biscuits 300g,$3.50 ,$1.17 / 100G,/shop/productdetails/786364/belvita-chocolate-breakfast-biscuits
71488,Csr Icing Sugar Soft Mixture 500g,$2.50 ,$0.50 / 100G,/shop/productdetails/71488/csr-icing-sugar-soft-mixture
701718,Kellogg's Froot Loops Breakfast Cereal 285g,$7.00 ,$2.46 / 100G,/shop/productdetails/701718/kelloggs-froot-loops-breakfast-cereal
450822,Leggo's Pasta Sauce Napoletana Chunky Tomato & Herbs 500g,$4.30 ,$0.86 / 100G,/shop/productdetails/450822/leggo-s-pasta-sauce-napoletana-chunky-tomato-herbs
24946,Paramount Red Salmon 100g,$5.90 ,$59.00 / 1KG,/shop/productdetails/24946/paramount-red-salmon
49286,Fantastic Beef Noodle Bowl 85g,$0.97 ,$1.14 / 100G,/shop/productdetails/49286/fantastic-beef-noodle-bowl
296914,Woolworths Sweet Chilli Sauce 280ml,$2.00 ,$0.71 / 100ML,/shop/productdetails/296914/woolworths-sweet-chilli-sauce
214007,Keen's Meal Base Curried Sausages 285g,$3.00 ,$1.05 / 100G,/shop/productdetails/214007/keens-meal-base-curried-sausages
35694,Nescafe Blend 43 Instant Coffee Tin 500g,$17.00 ,$3.40 / 100G,/shop/productdetails/35694/nescafe-blend-43-instant-coffee-tin
83836,Sanitarium So Good Barista Edition Almond Milk 1l,$4.00 ,$4.00 / 1L,/shop/productdetails/83836/sanitarium-so-good-barista-edition-almond-milk
159230,T2 Relax Tea Bags 10 Pack,$7.00 ,$0.70 / 1EA,/shop/productdetails/159230/t2-relax-tea-bags
187099,Nutella Hazelnut Chocolate Spread 220g,$4.10 ,$1.86 / 100G,/shop/productdetails/187099/nutella-hazelnut-chocolate-spread-spread
606142,Woolworths Asparagus Spears Tin 425g,$2.50 ,$0.59 / 100G,/shop/productdetails/606142/woolworths-asparagus-spears-tin
245575,Campbell's Chunky Soup Ham & Pea 505g,$2.25 ,$0.45 / 100G,/shop/productdetails/245575/campbell-s-chunky-soup-ham-pea
598743,Woolworths Basmati Rice 5kg,$18.00 ,$0.36 / 100G,/shop/productdetails/598743/woolworths-basmati-rice
828451,Continental Cup A Soup Pepper Steak & Mush Room With Croutons 2 Pack 52g,$2.80 ,$5.38 / 100G,/shop/productdetails/828451/continental-cup-a-soup-pepper-steak-mush-room-with-croutons-2-pack
231176,Dolmio 7 Vegetable Bolognese Pasta Sauce 500g,$4.50 ,$0.90 / 100G,/shop/productdetails/231176/dolmio-7-vegetable-bolognese-pasta-sauce
246753,Mckenzie's Californian Walnuts 80g,$4.00 ,$5.00 / 100G,/shop/productdetails/246753/mckenzie-s-californian-walnuts
180105,Zooper Dooper No Sugar 24 Pack,$6.50 ,$0.39 / 100ML,/shop/productdetails/180105/zooper-dooper-no-sugar
38909,Gravox Roast Meat Gravy Mix Tin 120g,$5.00 ,$0.42 / 10G,/shop/productdetails/38909/gravox-roast-meat-gravy-mix-tin-mix-roast-meat
99709,Mazzetti Balsamic Vinegar Of Modena 500ml,$5.00 ,$1.00 / 100ML,/shop/productdetails/99709/mazzetti-balsamic-vinegar-of-modena
63974,Sriracha Hot Chilli Sauce Ketchup 567g,$5.00 ,$0.88 / 100G,/shop/productdetails/63974/sriracha-hot-chilli-sauce-ketchup
845116,Hart & Soul Chicken Noodle Soup Pouch 100g,$2.00 ,$2.00 / 100G,/shop/productdetails/845116/hart-soul-chicken-noodle-soup-pouch
295163,Wai Wai Noodles Instant Tom Yum Shrimp 60g,$0.85 ,$1.42 / 100G,/shop/productdetails/295163/wai-wai-noodles-instant-tom-yum-shrimp
251123,Woolworths Nutmeg Ground 30g,$2.55 ,$0.85 / 10G,/shop/productdetails/251123/woolworths-nutmeg-ground
176829,Ben's Original Coconut Chilli & Lemongrass Microwave Rice 250g,$3.00 ,$1.20 / 100G,/shop/productdetails/176829/ben-s-original-coconut-chilli-lemongrass-microwave-rice
215448,Macro Organic Penne Pasta 500g,$1.65 ,$0.33 / 100G,/shop/productdetails/215448/macro-organic-penne-pasta
827636,Uncle Tobys Cereal Plus Protein 705g,$7.00 ,$0.99 / 100G,/shop/productdetails/827636/uncle-tobys-cereal-plus-protein
467269,Woolworths Traditional Mayonnaise 470g,$4.00 ,$0.85 / 100G,/shop/productdetails/467269/woolworths-traditional-mayonnaise
39319,Yeo's Ingredients Sesame Oil 150ml,$5.00 ,$3.33 / 100ML,/shop/productdetails/39319/yeo-s-ingredients-sesame-oil
37211,Ben's Original Golden Vegetable Microwave Rice Pouch 250g,$3.00 ,$1.20 / 100G,/shop/productdetails/37211/ben-s-original-golden-vegetable-microwave-rice-pouch
580245,The Spice Tailor Fiery Goan Curry 300g,$3.10 ,$1.03 / 100G,/shop/productdetails/580245/the-spice-tailor-fiery-goan-curry
678349,Australian Organic Food Co Pumpkin & Sweet Potato Soup Pouch 330g,$3.90 ,$1.18 / 100G,/shop/productdetails/678349/australian-organic-food-co-pumpkin-sweet-potato-soup-pouch
717162,Uncle Tobys Cereal Plus Antioxidant 435g,$6.50 ,$1.49 / 100G,/shop/productdetails/717162/uncle-tobys-cereal-plus-antioxidant
45955,Wai Wai Oriental Instant Noodles 60g,$0.85 ,$1.42 / 100G,/shop/productdetails/45955/wai-wai-oriental-instant-noodles
720060,Woolworths Cous Cous 500g,$2.00 ,$0.40 / 100G,/shop/productdetails/720060/woolworths-cous-cous
36791,Edgell Australian Diced Capsicum Canned Vegetables 125g,$1.60 ,$12.80 / 1KG,/shop/productdetails/36791/edgell-australian-diced-capsicum-canned-vegetables
782293,La Zuppa Soup Pouch Creamy Chicken & Veg 540g,$3.95 ,$0.73 / 100G,/shop/productdetails/782293/la-zuppa-soup-pouch-creamy-chicken-veg
225399,Queen Organic Vanilla Bean Paste 65g,$11.80 ,$18.15 / 100G,/shop/productdetails/225399/queen-organic-vanilla-bean-paste
37678,Uncle Tobys Oats Traditional Rolled Oats Porridge 500g,$4.00 ,$0.80 / 100G,/shop/productdetails/37678/uncle-tobys-oats-traditional-rolled-oats-porridge
197116,Natural Coarse Sea Salt Ceramic Grinder 100g,$5.25 ,$0.53 / 10G,/shop/productdetails/197116/natural-coarse-sea-salt-ceramic-grinder
173497,Superfruit Pitted Prunes 250g,$2.45 ,$9.80 / 1KG,/shop/productdetails/173497/superfruit-pitted-prunes
15362,Tandaco Coating Mix Bread Crumbs For Lightly Seasoned Fish 75g,$2.30 ,$0.31 / 10G,/shop/productdetails/15362/tandaco-coating-mix-bread-crumbs-for-lightly-seasoned-fish
15260,Tandaco Prepared Suet Mix 250g,$6.00 ,$0.24 / 10G,/shop/productdetails/15260/tandaco-prepared-suet-mix-suet
788315,Wokka Noodles Wholegrain 400g,$2.70 ,$0.68 / 100G,/shop/productdetails/788315/wokka-noodles-wholegrain
167355,Chang's Japanese Teriyaki Sauce 280ml,$3.50 ,$1.25 / 100ML,/shop/productdetails/167355/chang-s-japanese-teriyaki-sauce
676342,La Zuppa Soup Pouch Italian Style Tomato & Veg 540g,$3.95 ,$0.73 / 100G,/shop/productdetails/676342/la-zuppa-soup-pouch-italian-style-tomato-veg
505351,Massel Plant Based Chicken Style Liquid Stock Salt Reduced 1l,$4.00 ,$0.40 / 100ML,/shop/productdetails/505351/massel-plant-based-chicken-style-liquid-stock-salt-reduced
445863,Mccormick Grill Mates Smokin Texas American Bbq Rub 40g,$2.50 ,$0.63 / 10G,/shop/productdetails/445863/mccormick-grill-mates-smokin-texas-american-bbq-rub
2595,Spc Baked Beans Rich Tomato 140g X 4 Pack,$4.00 ,$0.71 / 100G,/shop/productdetails/2595/spc-baked-beans-rich-tomato
521257,Choice Chicken Instant Noodles 85g X5 Pack,,,/shop/productdetails/521257/choice-chicken-instant-noodles
353338,Sanitarium Up&go Protein Energize Choc 250ml X3 Pack,$5.60 ,$7.47 / 1L,/shop/productdetails/353338/sanitarium-up-go-protein-energize-choc
700524,Macro Organic Rolled Oats 500g,$2.75 ,$0.55 / 100G,/shop/productdetails/700524/macro-organic-rolled-oats
81717,Mutti Passata Tomato Puree Organic 560g,$3.20 ,$0.57 / 100G,/shop/productdetails/81717/mutti-passata-tomato-puree-organic
313632,Erawan Rice Noodles Stick Pad Thai 200g,$2.20 ,$1.10 / 100G,/shop/productdetails/313632/erawan-rice-noodles-stick-pad-thai
678318,Suimin Noodles Thai Green Curry 122g,$3.60 ,$2.95 / 100G,/shop/productdetails/678318/suimin-noodles-thai-green-curry
81719,Mutti Passata Gastronomia Baby Roma Tomatoes 400g,$3.20 ,$0.80 / 100G,/shop/productdetails/81719/mutti-passata-gastronomia-baby-roma-tomatoes
65619,Edgell Snack Time Chickpeas With Olive Oil & Sea Salt 70g,$1.60 ,$2.29 / 100G,/shop/productdetails/65619/edgell-snack-time-chickpeas-with-olive-oil-sea-salt
201949,Kellogg's Corn Flakes Breakfast Cereal 890g,$7.25 ,$0.81 / 100G,/shop/productdetails/201949/kelloggs-corn-flakes-breakfast-cereal
579057,Massel Reduced Salt Chicken Stock Powder 140g,$3.75 ,$0.27 / 10G,/shop/productdetails/579057/massel-reduced-salt-chicken-stock-powder
491829,Woolworths Baby Corn Spears 410g Can,,,/shop/productdetails/491829/woolworths-baby-corn-spears
230514,Woolworths Apple Sauce 370g,$1.80 ,$0.49 / 100G,/shop/productdetails/230514/woolworths-apple-sauce
169354,F. Whitlock & Sons Smokehouse Tomato Chutney Sauce 250ml,$4.50 ,$1.80 / 100ML,/shop/productdetails/169354/f-whitlock-sons-smokehouse-tomato-chutney-sauce
802036,Sweet Baby Ray's Hickory & Brown Sugar Bbq Sauce 425ml,$6.90 ,$1.62 / 100ML,/shop/productdetails/802036/sweet-baby-ray-s-hickory-brown-sugar-bbq-sauce
370227,La Zuppa Microwave Soup Chicken Veg & Wholegrain 420g,$3.60 ,$0.86 / 100G,/shop/productdetails/370227/la-zuppa-microwave-soup-chicken-veg-wholegrain
343892,Maggi 2 Minute Chicken Flavour Instant Noodles 12 Pack,$10.00 ,$1.16 / 100G,/shop/productdetails/343892/maggi-2-minute-chicken-flavour-instant-noodles
210007,Masterfoods Portuguese Chicken Seasoning 50g,$4.30 ,$0.86 / 10G,/shop/productdetails/210007/masterfoods-portuguese-chicken-seasoning
196566,Dilmah Extra Strength Tea Bags 100 Pack,$7.50 ,$0.08 / 1EA,/shop/productdetails/196566/dilmah-extra-strength-tea-bags
189701,Sanitarium Up&go Liquid Breakfast Vanilla Ice 3 Pack,$5.60 ,$7.47 / 1L,/shop/productdetails/189701/sanitarium-up-go-liquid-breakfast-vanilla-ice
750104,Sanitarium Up&go Protein Energize Coffee 250ml X6 Pack,$10.50 ,$7.00 / 1L,/shop/productdetails/750104/sanitarium-up-go-protein-energize-coffee
251527,Woolworths Italian Balsamic Dressing 300ml,$1.80 ,$0.60 / 100ML,/shop/productdetails/251527/woolworths-italian-balsamic-dressing-99-fat-free-italian-balsamic
752352,Uncle Tobys Oats Quick Cup Creamy Honey Porridge 50g,$2.50 ,$5.00 / 100G,/shop/productdetails/752352/uncle-tobys-oats-quick-cup-creamy-honey-porridge
758300,Kan Tong Black Bean Stir Fry Cooking Sauce 510g,$3.00 ,$0.59 / 100G,/shop/productdetails/758300/kan-tong-black-bean-stir-fry-cooking-sauce
98571,Leggo's Pizza Sauce Garlic Onion Herb Triple Concentrate Tub 2x140g,$3.50 ,$1.25 / 100G,/shop/productdetails/98571/leggo-s-pizza-sauce-garlic-onion-herb-triple-concentrate-tub
41225,Pureharvest Organic Aussie Dream Rice Milk 1l,$2.60 ,$2.60 / 1L,/shop/productdetails/41225/pureharvest-organic-aussie-dream-rice-milk
297728,La Zuppa Microwave Soup Minestrone 420g,$3.60 ,$0.86 / 100G,/shop/productdetails/297728/la-zuppa-microwave-soup-minestrone-minestrone
21357,Massel Ultracubes Beef 105g,$3.00 ,$0.29 / 10G,/shop/productdetails/21357/massel-ultracubes-beef
795889,Nutella Hazelnut Chocolate Spread 1kg,$11.00 ,$1.10 / 100G,/shop/productdetails/795889/nutella-hazelnut-chocolate-spread-spread
512887,Tasti Made Simple Wholefood Bars Lamington 5 Pack,$4.00 ,$2.67 / 100G,/shop/productdetails/512887/tasti-made-simple-wholefood-bars-lamington
95879,"Twinings Asha Turmeric Temple Turmeric, Ginger & Grapefruit Tea Bags 18 Pack",$7.50 ,$0.42 / 1EA,/shop/productdetails/95879/twinings-asha-turmeric-temple-turmeric-ginger-grapefruit-tea-bags
753172,Woolworths In Juice Sliced Pear 410g,$2.00 ,$4.88 / 1KG,/shop/productdetails/753172/woolworths-in-juice-sliced-pear
79980,Ben's Original Lightly Flavour Garlic Microwave Rice Pouch 250g,$3.00 ,$1.20 / 100G,/shop/productdetails/79980/ben-s-original-lightly-flavour-garlic-microwave-rice-pouch
194935,Chicken Tonight Simmer Sauce Butter Chicken 495g,$3.60 ,$0.73 / 100G,/shop/productdetails/194935/chicken-tonight-simmer-sauce-butter-chicken
236763,Safcol No Nets Tuna In Oil 185g,$2.90 ,$15.68 / 1KG,/shop/productdetails/236763/safcol-no-nets-tuna-in-oil
33155,Csr Brown Sugar Coffee Crystals 500g,$3.45 ,$0.69 / 100G,/shop/productdetails/33155/csr-brown-sugar-coffee-crystals
847156,Pearl River Bridge Soy Sauce Gold Label 600ml,$3.90 ,$0.65 / 100ML,/shop/productdetails/847156/pearl-river-bridge-soy-sauce-gold-label
727257,Ben's Original Brown Mexican Style Microwave Rice Pouch 250g,$3.00 ,$1.20 / 100G,/shop/productdetails/727257/ben-s-original-brown-mexican-style-microwave-rice-pouch
264038,White Wings Cupcake Mix Vanilla 410g,$5.00 ,$1.22 / 100G,/shop/productdetails/264038/white-wings-cupcake-mix-vanilla
678381,Australian Organic Food Co Chickpea & Vegetable Soup Pouch 330g,$3.90 ,$1.18 / 100G,/shop/productdetails/678381/australian-organic-food-co-chickpea-vegetable-soup-pouch
37736,Csr Brown Sugar Dark 1kg,$4.60 ,$0.46 / 100G,/shop/productdetails/37736/csr-brown-sugar-dark
445854,Mccormick Grill Mates Tennessee Smokehouse American Bbq Rub 40g,$2.50 ,$0.63 / 10G,/shop/productdetails/445854/mccormick-grill-mates-tennessee-smokehouse-american-bbq-rub
97063,Marion's Kitchen Coconut Sriracha 360ml,$5.00 ,$1.39 / 100ML,/shop/productdetails/97063/marion-s-kitchen-coconut-sriracha
33533,Paramount Salmon Red 210g,$8.50 ,$40.48 / 1KG,/shop/productdetails/33533/paramount-salmon-red
657399,San Remo Gluten Free Spirals 350g,$4.50 ,$1.29 / 100G,/shop/productdetails/657399/san-remo-gluten-free-spirals
733363,Stubb's Hickory Bourbon Bbq Sauce Sauce 510g,$6.50 ,$1.27 / 100G,/shop/productdetails/733363/stubb-s-hickory-bourbon-bbq-sauce-sauce
134424,T2 Tummy Tea Bags 10 Pack,$7.00 ,$0.70 / 1EA,/shop/productdetails/134424/t2-tummy-tea-bags
196293,Woolworths Australian Rolled Oats 1.5kg,$2.60 ,$0.17 / 100G,/shop/productdetails/196293/woolworths-australian-rolled-oats
80721,Deep Cove Mackerel In Natural Mackerel Oil 425g,$2.90 ,$6.82 / 1KG,/shop/productdetails/80721/deep-cove-mackerel-in-natural-mackerel-oil
83764,Barilla Pasta Penne Rigate 500g,$3.50 ,$0.70 / 100G,/shop/productdetails/83764/barilla-pasta-penne-rigate-rigate-pasta-no-73
246854,Lucky Natural Golden Walnuts 110g,$3.50 ,$31.82 / 1KG,/shop/productdetails/246854/lucky-natural-golden-walnuts
233925,Woolworths Crunchy Peanut Butter 500g,$2.90 ,$0.58 / 100G,/shop/productdetails/233925/woolworths-crunchy-peanut-butter
683101,Ayam Dark Soy 210ml,$3.50 ,$1.67 / 100ML,/shop/productdetails/683101/ayam-dark-soy
678657,Continental Liquid Chicken Stock Salt Reduced 1l,$4.00 ,$0.40 / 100ML,/shop/productdetails/678657/continental-liquid-chicken-stock-salt-reduced
220157,Edgell Snack Time Black Beans Charred & Capsicum With Zesty Salsa 70g,$1.60 ,$2.29 / 100G,/shop/productdetails/220157/edgell-snack-time-black-beans-charred-capsicum-with-zesty-salsa
231416,Old El Paso Chunky Salsa Dip Mild Mild 312g,$4.00 ,$1.28 / 100G,/shop/productdetails/231416/old-el-paso-chunky-salsa-dip-mild-mild
750079,Sanitarium Up&go Protein Energize Vanilla 250ml X6 Pack,$10.50 ,$7.00 / 1L,/shop/productdetails/750079/sanitarium-up-go-protein-energize-vanilla
829318,Vittoria Espressotoria Espresso Coffee Capsules 12 Pack,$6.00 ,$0.50 / 1EA,/shop/productdetails/829318/vittoria-espressotoria-espresso-coffee-capsules
379739,Mission Corn Chips Chilli & Lime 230g,$3.50 ,$1.52 / 100G,/shop/productdetails/379739/mission-corn-chips-chilli-lime
82129,Valcom Paste Tom Yum 210g,$3.80 ,$1.81 / 100G,/shop/productdetails/82129/valcom-paste-tom-yum
150166,Macro Organic Oat Milk Unsweetened 1l,$2.25 ,$2.25 / 1L,/shop/productdetails/150166/macro-organic-oat-milk-unsweetened
700639,Macro Organic Cannellini Beans 425g,$1.50 ,$0.35 / 100G,/shop/productdetails/700639/macro-organic-cannellini-beans
847891,Dollar Sweets Unicorn Sprinkles Jar 105g,$6.00 ,$5.71 / 100G,/shop/productdetails/847891/dollar-sweets-unicorn-sprinkles-jar
84053,Hart & Soul All Natural Satay Curry Recipe Base 80g,$2.50 ,$0.31 / 10G,/shop/productdetails/84053/hart-soul-all-natural-satay-curry-recipe-base
782291,La Zuppa Microwave Soup Chicken Noodle 420g,$3.60 ,$0.86 / 100G,/shop/productdetails/782291/la-zuppa-microwave-soup-chicken-noodle-chicken-noodle
451245,Leggos Pasta Sauce Garden Vegetable 500g,$4.30 ,$0.86 / 100G,/shop/productdetails/451245/leggo-s-pasta-sauce-garden-vegetable
33015,Uncle Tobys Vita Brits Breakfast Cereal Brits 375g,$3.40 ,$0.91 / 100G,/shop/productdetails/33015/uncle-tobys-vita-brits-breakfast-cereal-brits
159370,Lipton English Breakfast Tea Bags 100 Pack,$4.00 ,$0.04 / 1EA,/shop/productdetails/159370/lipton-english-breakfast-tea-bags
886485,Royal Fields Seeds Sesame 500g,$3.90 ,$0.78 / 100G,/shop/productdetails/886485/royal-fields-seeds-sesame
105818,Woolworths Special Fried Rice 250g,$2.75 ,$1.10 / 100G,/shop/productdetails/105818/woolworths-special-fried-rice
116737,Masterfoods Sweet Chilli Sauce Mild 500ml,$3.60 ,$0.72 / 100ML,/shop/productdetails/116737/masterfoods-sweet-chilli-sauce-mild
303700,Amy's Kitchen Canned Soup Organic Lentil & Vegetable 411g,$3.90 ,$0.95 / 100G,/shop/productdetails/303700/amy-s-kitchen-canned-soup-organic-lentil-vegetable
293958,S&w Mayonnaise Whole Egg 440g,$7.00 ,$1.59 / 100G,/shop/productdetails/293958/s-w-mayonnaise-whole-egg
254587,White Wings Brownie Mix Double Chocolate Fudge 560g,$5.00 ,$0.89 / 100G,/shop/productdetails/254587/white-wings-brownie-mix-double-chocolate-fudge
57086,Natural Pink Himalayan Rock Salt Grinder 370g,$6.00 ,$0.16 / 10G,/shop/productdetails/57086/natural-pink-himalayan-rock-salt-grinder
575974,Queen Celebrating 120 Years Pure Vanilla Extract 100ml,$13.50 ,$13.50 / 100ML,/shop/productdetails/575974/queen-celebrating-120-years-pure-vanilla-extract
248148,White Wings Pancake Mix Buttermilk 325g,$2.50 ,$0.77 / 100G,/shop/productdetails/248148/white-wings-pancake-mix-buttermilk
701732,Kellogg's Sultana Bran High Fibre Breakfast Cereal 420g,$7.00 ,$1.67 / 100G,/shop/productdetails/701732/kelloggs-sultana-bran-high-fibre-breakfast-cereal
866199,The Spice Tailor Indonesian Rendang Curry Kit 275g,$6.20 ,$2.25 / 100G,/shop/productdetails/866199/the-spice-tailor-indonesian-rendang-curry-kit
220111,White Wings Parsons Vanilla Creamed Rice 98% Fat Free 430g,$2.90 ,$0.67 / 100G,/shop/productdetails/220111/white-wings-parsons-vanilla-creamed-rice-98-fat-free
93114,Masterfoods Moroccan Seasoning 47g,$4.00 ,$0.85 / 10G,/shop/productdetails/93114/masterfoods-moroccan-seasoning
591731,Spc Diced Fruit Salad In Juice Fruit Cups 4 X 120g,$4.50 ,$9.38 / 1KG,/shop/productdetails/591731/spc-diced-fruit-salad-in-juice-fruit-cups
149866,Uncle Tobys Oats Quick Sachets Apple & Cinnamon Porridge 350g,$6.30 ,$1.80 / 100G,/shop/productdetails/149866/uncle-tobys-oats-quick-sachets-apple-cinnamon-porridge
280340,Maggi Oyster Sauce 275ml,$3.60 ,$1.31 / 100ML,/shop/productdetails/280340/maggi-oyster-sauce
118315,Sanitarium Up&go Dairy Free Liquid Breakfast Choc Ice 12 Pack,$15.80 ,$5.27 / 1L,/shop/productdetails/118315/sanitarium-up-go-dairy-free-liquid-breakfast-choc-ice
492073,Woolworths Champignons Pieces & Stems 400g,$1.70 ,$4.25 / 1KG,/shop/productdetails/492073/woolworths-champignons-pieces-stems
753150,Woolworths Peach Slices In Juice 410g,$2.00 ,$4.88 / 1KG,/shop/productdetails/753150/woolworths-peach-slices-in-juice
678702,Continental Superb Stock Real Beef Base Liquid Stock Beef 1l,$4.00 ,$0.40 / 100ML,/shop/productdetails/678702/continental-superb-stock-real-beef-base-liquid-stock-beef
726350,Woolworths Almonds Slivered 120g,$3.50 ,$29.17 / 1KG,/shop/productdetails/726350/woolworths-almonds-slivered
199725,Kellogg's Nutri Grain Protein Breakfast Cereal 765g,$10.80 ,$1.41 / 100G,/shop/productdetails/199725/kelloggs-nutri-grain-protein-breakfast-cereal
72364,Masterfoods Honey Garlic & Soy Marinade 375g,$4.00 ,$1.07 / 100G,/shop/productdetails/72364/masterfoods-honey-garlic-soy-marinade
180476,Slush Puppie Grape Flavoured 250ml,$3.50 ,$1.40 / 100ML,/shop/productdetails/180476/slush-puppies-slush-puppie-grape-flavoured
701826,Cadbury Chocolate Bar Wispa 36g,$2.20 ,$6.11 / 100G,/shop/productdetails/701826/cadbury-chocolate-bar-wispa
199453,Continental Soup Sensations Vietnamese Chicken & Shiitake Mushroom 40g,$2.50 ,$6.25 / 100G,/shop/productdetails/199453/continental-soup-sensations-vietnamese-chicken-shiitake-mushroom
90032,Devondale 100% Pure Full Cream Long Life Milk 6x200ml,$6.00 ,$5.00 / 1L,/shop/productdetails/90032/devondale-100-pure-full-cream-long-life-milk
297729,La Zuppa Microwave Soup Pumpkin 420g,$3.60 ,$0.86 / 100G,/shop/productdetails/297729/la-zuppa-microwave-soup-pumpkin-pumpkin
101681,Nescafe Starbucks Medium Roast Premium Instant Coffee 90g,$13.00 ,$14.44 / 100G,/shop/productdetails/101681/nescafe-starbucks-medium-roast-premium-instant-coffee
339439,Mission Naan Bread Garlic & Herb 4 Pack,$3.40 ,$1.21 / 100G,/shop/productdetails/339439/mission-naan-bread-garlic-herb
625154,Heinz Baked Beans English Recipe Tinned Beans Breakfast 300g,$2.80 ,$0.93 / 100G,/shop/productdetails/625154/heinz-baked-beans-english-recipe-tinned-beans-breakfast
856749,Heinz Soup Of The Day Veg & Lentil Chilli Paprika Soup Pouch 430g,$4.50 ,$1.05 / 100G,/shop/productdetails/856749/heinz-soup-of-the-day-veg-lentil-chilli-paprika-soup-pouch
27296,Mckenzie's Dried Veg Yellow Split Peas 500g,$1.60 ,$0.32 / 100G,/shop/productdetails/27296/mckenzie-s-dried-veg-yellow-split-peas
142080,Saxa Four Seasons Pepper Grinder 35g,$5.50 ,$1.57 / 10G,/shop/productdetails/142080/saxa-four-seasons-pepper-grinder-four-seasons
802495,Birch & Waite Green Goddess Dressing & Sauce 250ml,$6.00 ,$2.40 / 100ML,/shop/productdetails/802495/birch-waite-green-goddess-dressing-sauce
203960,Heinz Soup Of The Day Pumpkin & Cauliflower With Turmeric 430g,$4.50 ,$1.05 / 100G,/shop/productdetails/203960/heinz-soup-of-the-day-pumpkin-cauliflower-with-turmeric
180827,Slush Puppie Blue Raspberry 250ml,$3.50 ,$1.40 / 100ML,/shop/productdetails/180827/slush-puppie-blue-raspberry
47882,Annalisa Beans Cannellini 400g,$1.90 ,$0.48 / 100G,/shop/productdetails/47882/annalisa-beans-cannellini
112517,T2 French Earl Grey Tea Bags 10 Pack,$7.00 ,$0.70 / 1EA,/shop/productdetails/112517/t2-french-earl-grey-tea-bags
758325,Kan Tong Butter Chicken Cooking Sauce 485g,$3.00 ,$0.62 / 100G,/shop/productdetails/758325/kan-tong-butter-chicken-cooking-sauce
142912,Splenda Stevia Liquid Sweetener 50ml,$6.50 ,$13.00 / 100ML,/shop/productdetails/142912/splenda-stevia-liquid-sweetener
226405,Twinings Live Well Sleep Well Tea Bags 22 Pack,$4.25 ,$0.19 / 1EA,/shop/productdetails/226405/twinings-live-well-sleep-well-tea-bags
690365,Woolworths Pitted Kalamata Olives 345g,$3.00 ,$8.70 / 1KG,
23712,Chicken Tonight Simmer Sauce Creamy Mushroom 475g,$3.60 ,$0.76 / 100G,/shop/productdetails/23712/chicken-tonight-simmer-sauce-creamy-mushroom
53389,Wai Wai Noodles Rice Vermicelli Instant 55g,$0.85 ,$1.55 / 100G,/shop/productdetails/53389/wai-wai-noodles-rice-vermicelli-instant
250677,Woolworths Roast Meat Flavoured Instant Gravy 120g,$2.10 ,$0.18 / 10G,/shop/productdetails/250677/woolworths-roast-meat-flavoured-instant-gravy
59655,Hershey's Chocolate Syrup Squeeze 680g,$6.00 ,$0.88 / 100G,/shop/productdetails/59655/hersheys-chocolate-syrup-squeeze
32295,Sanitarium Up&go Liquid Breakfast Banana 3 Pack,$5.60 ,$7.47 / 1L,/shop/productdetails/32295/sanitarium-up-go-liquid-breakfast-banana
62965,Continental Classics Rice Oriental Serves 2 115g,$2.80 ,$2.43 / 100G,/shop/productdetails/62965/continental-classics-rice-oriental-serves-2
214325,Sandhurst Tomatoes Semi Dried Canola Oil 270g,$5.00 ,$18.52 / 1KG,/shop/productdetails/214325/sandhurst-tomatoes-semi-dried-canola-oil
33280,Keen's Traditional Curry Powder 60g,$4.30 ,$0.72 / 10G,/shop/productdetails/33280/keens-traditional-curry-powder
113949,Masterfoods Smoked & Charred Texan Style Rub 50g,$4.30 ,$0.86 / 10G,/shop/productdetails/113949/masterfoods-smoked-charred-texan-style-rub
105914,Nestle Sweetened Condensed Milk 395g,$3.80 ,$0.96 / 100G,/shop/productdetails/105914/nestle-sweetened-condensed-milk
279869,Praise Caesar Salad Croutons 150g,$4.00 ,$2.67 / 100G,/shop/productdetails/279869/praise-caesar-salad-croutons
221229,Starbucks By Nespresso Intensity 8 House Blend Coffee Pods 36 Pack,$22.00 ,$0.61 / 1EA,/shop/productdetails/221229/starbucks-by-nespresso-intensity-8-house-blend-coffee-pods
147588,Uncle Tobys Oats Quick Sachets Creamy Vanilla Porridge 350g,$6.30 ,$1.80 / 100G,/shop/productdetails/147588/uncle-tobys-oats-quick-sachets-creamy-vanilla-porridge
802008,Capilano 100% Pure Australian Honey Twist & Squeeze 220g,$4.70 ,$2.14 / 100G,/shop/productdetails/802008/capilano-100-pure-australian-honey-twist-squeeze
742286,Heinz Beanz Baked Beans And Sausages 420g,$3.00 ,$0.71 / 100G,/shop/productdetails/742286/heinz-beanz-baked-beans-and-sausages-sausages
155194,La Costena Chunky Salsa Medium 310g,$5.80 ,$1.87 / 100G,/shop/productdetails/155194/la-costena-chunky-salsa-medium
35681,Moccona Freeze Dried Instant Coffee Classic Medium Roast 200g,$16.00 ,$8.00 / 100G,/shop/productdetails/35681/moccona-freeze-dried-instant-coffee-classic-medium-roast
145951,Continental Classics Flavoured Rice Chicken Family Pack Serves 4 190g,$3.50 ,$1.84 / 100G,/shop/productdetails/145951/continental-classics-flavoured-rice-chicken-family-pack-serves-4
446313,Continental Superb Stock Beef Stock Powder 125g,$3.00 ,$0.24 / 10G,/shop/productdetails/446313/continental-superb-stock-beef-stock-powder
24488,Equal Sweetener Tablets 300 Pack,$8.80 ,$2.93 / 100EA,/shop/productdetails/24488/equal-sweetener-tablets
189726,Pandaroo Coconut Cream 400ml,$2.00 ,$0.50 / 100ML,/shop/productdetails/189726/pandaroo-coconut-cream
758350,Dolmio Lasagne Bechamel Sauce 490g,$2.80 ,$0.57 / 100G,/shop/productdetails/758350/dolmio-lasagne-bechamel-sauce
187333,Old El Paso Refried Beans 435g,$4.50 ,$1.03 / 100G,/shop/productdetails/187333/old-el-paso-refried-beans
3466,Barilla Pesto Genovese Pasta Sauce 190g,$4.50 ,$2.37 / 100G,/shop/productdetails/3466/barilla-pesto-genovese-pasta-sauce-alla-genovese
149218,Woolworths Vanilla Extract 200ml,$10.00 ,$5.00 / 100ML,/shop/productdetails/149218/woolworths-vanilla-extract
33064,White Wings Plain Flour 1kg,$2.50 ,$2.50 / 1KG,/shop/productdetails/33064/white-wings-plain-flour
678348,Australian Organic Food Co Chicken Spelt & Vegetable Soup Pouch 330g,$3.90 ,$1.18 / 100G,/shop/productdetails/678348/australian-organic-food-co-chicken-spelt-vegetable-soup-pouch
584315,Edgell Red Kidney Beans Fibre Rich 400g,$1.70 ,$0.43 / 100G,/shop/productdetails/584315/edgell-red-kidney-beans-fibre-rich
35467,Moro Balsamic Vinegar Of Modena 500ml,$5.50 ,$1.10 / 100ML,/shop/productdetails/35467/moro-balsamic-vinegar-of-modena
17340,St Dalfour Strawberry 284g 284g,$5.70 ,$2.01 / 100G,/shop/productdetails/17340/st-dalfour-strawberry-284g
169015,Calbee Harvest Snaps Tasty Toppers Garlic & Rosemary Flavour 60g,$3.30 ,$5.50 / 100G,/shop/productdetails/169015/calbee-harvest-snaps-tasty-toppers-garlic-rosemary-flavour
624765,Heinz Beanz Baked Beans In Ham Sauce 300g,$2.80 ,$0.93 / 100G,/shop/productdetails/624765/heinz-beanz-baked-beans-in-ham-sauce-ham-sauce
659255,Csr Unrefined Coconut Sugar 250g,$4.00 ,$1.60 / 100G,/shop/productdetails/659255/csr-unrefined-coconut-sugar
65646,Edgell Snack Time Red Kidney Beans Salad Topper With Chilli 70g,$1.60 ,$2.29 / 100G,/shop/productdetails/65646/edgell-snack-time-red-kidney-beans-salad-topper-with-chilli
251526,Woolworths Italian Dressing 300ml,$1.80 ,$0.60 / 100ML,/shop/productdetails/251526/woolworths-italian-dressing-99-fat-free-italian
750772,Woolworths Vegetable Oil 2l,$7.40 ,$0.37 / 100ML,/shop/productdetails/750772/woolworths-vegetable-oil
803884,Haday Gold Label Oyster Sauce 530ml,$3.40 ,$0.64 / 100ML,/shop/productdetails/803884/haday-gold-label-oyster-sauce
200783,San Remo La Pasta Alfredo Single Snack 80g,$1.40 ,$1.75 / 100G,/shop/productdetails/200783/san-remo-la-pasta-alfredo-single-snack
74783,La Molisana Pastificio Extra Di Lusso Egg Fettuccine 250g,$3.50 ,$1.40 / 100G,/shop/productdetails/74783/la-molisana-pastificio-extra-di-lusso-egg-fettuccine
43500,Steeves Maples Maple Syrup 250ml,$5.50 ,$2.20 / 100ML,/shop/productdetails/43500/steeves-maples-maple-syrup
215331,Arnott's Gluten Free Teevee Snacks Original Biscuits 130g,$4.50 ,$3.46 / 100G,/shop/productdetails/215331/arnott-s-gluten-free-teevee-snacks-original-biscuits
79602,Continental Value Pack Fried Rice Oriental 180g,$3.50 ,$1.94 / 100G,/shop/productdetails/79602/continental-value-pack-fried-rice-oriental
157847,F. Whitlock & Sons Killer Baked Beans Smokey Campfire Bbq 420g,$2.50 ,$0.60 / 100G,/shop/productdetails/157847/f-whitlock-sons-killer-baked-beans-smokey-campfire-bbq
728546,Hp Original Barbecue Bbq Sauce 99% Fat Free Brown Sauce 390ml,$6.60 ,$1.69 / 100ML,/shop/productdetails/728546/hp-original-barbecue-bbq-sauce-99-fat-free-brown-sauce
748363,Maggi Stir Fry Honey Soy Garlic Flavour 150g,$3.50 ,$2.33 / 100G,/shop/productdetails/748363/maggi-stir-fry-honey-soy-garlic-flavour
204671,Woolworths Fruit Salad In Juice 825g,$4.00 ,$4.85 / 1KG,/shop/productdetails/204671/woolworths-fruit-salad-in-juice
90132,Edgell Corn Kernels No Added Salt 420g,$2.20 ,$5.24 / 1KG,/shop/productdetails/90132/edgell-corn-kernels-no-added-salt
673016,Wel Pac Dried Cut Seaweed 56.7g,$5.00 ,$8.82 / 100G,/shop/productdetails/673016/wel-pac-dried-cut-seaweed
669966,Woolworths Apple & Strawberry Puree In Pouch 90g,$0.95 ,$10.56 / 1KG,/shop/productdetails/669966/woolworths-apple-strawberry-puree-in-pouch
846488,Woolworths Dressing Coleslaw 290ml,$1.80 ,$0.62 / 100ML,/shop/productdetails/846488/woolworths-dressing-coleslaw
203550,Campbell's Real Soup Digest Sweet Potato & Carrot With Coconut 515g,$5.00 ,$0.97 / 100G,/shop/productdetails/203550/campbell-s-real-soup-digest-sweet-potato-carrot-with-coconut
319475,John West Tuna & 3 Beans 185g,$4.40 ,$23.78 / 1KG,/shop/productdetails/319475/john-west-tuna-3-beans
39484,San Remo Elbows Pasta No 35 500g,$2.30 ,$0.46 / 100G,/shop/productdetails/39484/san-remo-elbows-pasta-no-35
78775,Sanitarium Up&go Liquid Breakfast No Added Sugar Choc Ice 250ml X6 Pack,$10.50 ,$7.00 / 1L,/shop/productdetails/78775/sanitarium-up-go-liquid-breakfast-no-added-sugar-choc-ice
28589,Uncle Tobys Oats Breakfast Bakes Cereal Bar Honey & Roasted Almond 260g,$7.00 ,$2.69 / 100G,/shop/productdetails/28589/uncle-tobys-oats-breakfast-bakes-cereal-bar-honey-roasted-almond
258479,Woolworths Tomato Paste Pizza Squeeze Bottle 415g,$2.10 ,$0.51 / 100G,/shop/productdetails/258479/woolworths-tomato-paste-pizza-squeeze-bottle
846448,The Spice Tailor Delhi Biryani 360g,$4.75 ,$1.32 / 100G,/shop/productdetails/846448/the-spice-tailor-delhi-biryani
873019,Woolworths Smoked Oysters In Springwater 85g,$1.50 ,$17.65 / 1KG,/shop/productdetails/873019/woolworths-smoked-oysters-in-springwater
34391,Continental Simmer Soup Cream Of Chicken 45g,$1.70 ,$3.78 / 100G,/shop/productdetails/34391/continental-simmer-soup-cream-of-chicken
815875,Woolworths Dried Mango Slices 130g,$4.00 ,$30.77 / 1KG,/shop/productdetails/815875/woolworths-dried-mango-slices
106193,Annalisa Butter Beans 400g,$1.90 ,$0.48 / 100G,/shop/productdetails/106193/annalisa-butter-beans-butter-lima
862808,Ottogi Jin Ramen Mild Instant Noodles 120g,$1.80 ,$1.50 / 100G,/shop/productdetails/862808/ottogi-jin-ramen-mild-instant-noodles
34093,Edgell Australian Sliced Beetroot 425g,$2.20 ,$5.18 / 1KG,
149502,Uncle Tobys Oats Quick Sachets Family Pack Original Porridge 680g,$9.50 ,$1.40 / 100G,
204034,Uncle Tobys Squarz The Original Breakfast Cereal 460g,$6.50 ,$1.41 / 100G,
698861,Essentials Olive Oil 1l,$8.80 ,$0.88 / 100ML,
102760,Royal Feast Jasmine Rice 10kg,$19.00 ,$0.19 / 100G,
309217,Wallaby Bakers Flour 5kg,$14.00 ,$2.80 / 1KG,
298566,Woolworths Cocoa Powder 375g,$4.00 ,$1.07 / 100G,
348321,Amy's Kitchen Canned Soup Organic Chunky Tomato Bisque 411g,$3.90 ,$0.95 / 100G,/shop/productdetails/348321/amy-s-kitchen-canned-soup-organic-chunky-tomato-bisque
700589,Macro Organic Baked Beans 420g,$1.60 ,$0.38 / 100G,/shop/productdetails/700589/macro-organic-baked-beans
793350,Sunsol Muesli Blueberry Chia Goji Coconut 500g,$6.00 ,$1.20 / 100G,/shop/productdetails/793350/sunsol-muesli-blueberry-chia-goji-coconut
148976,Uncle Tobys Oats Quick Sachets Classic Variety Porridge 350g,$6.30 ,$1.80 / 100G,/shop/productdetails/148976/uncle-tobys-oats-quick-sachets-classic-variety-porridge
343896,Maggi 2 Minute Beef Flavour Instant Noodles 5 Pack,$5.00 ,$1.35 / 100G,/shop/productdetails/343896/maggi-2-minute-beef-flavour-instant-noodles
362694,Mission Corn Chips Extreme Cheese 230g,$3.50 ,$1.52 / 100G,/shop/productdetails/362694/mission-corn-chips-extreme-cheese
109277,Sunrice Jasmine 2kg,$7.90 ,$0.40 / 100G,/shop/productdetails/109277/sunrice-jasmine
744518,Woolworths Fruit Salad In Juice Cups 4 Pack,$2.20 ,$4.40 / 1KG,/shop/productdetails/744518/woolworths-fruit-salad-in-juice-cups
710168,Birch & Waite Balsamic Vinaigrette 250ml,$6.00 ,$2.40 / 100ML,/shop/productdetails/710168/birch-waite-balsamic-vinaigrette
117602,Sunrice Hinata Short Grain Rice 5kg,$15.00 ,$0.30 / 100G,/shop/productdetails/117602/sunrice-hinata-short-grain-rice
123983,Suthera Thai Coconut Roll Original 70g,$5.00 ,$7.14 / 100G,/shop/productdetails/123983/suthera-thai-coconut-roll-original
98596,Zafarelli Fettuccine Pasta No 12 500g,$1.85 ,$0.37 / 100G,/shop/productdetails/98596/zafarelli-fettuccine-pasta-no-12
345864,Golden Circle Tinned Corn Canned Vegetables Tin Corn Kernels 410g,$1.90 ,$4.63 / 1KG,/shop/productdetails/345864/golden-circle-tinned-corn-canned-vegetables-tin-corn-kernels
828413,Yeo's Isoy Soy Bean Milk Drink 300ml,$1.25 ,$4.17 / 1L,/shop/productdetails/828413/yeo-s-isoy-soy-bean-milk-drink
56866,Health Rite Vegetable Salt 250g,$3.00 ,$0.12 / 10G,/shop/productdetails/56866/health-rite-vegetable-salt
803578,Queen Ultimate Sprinkles Midnight Magic 110g,$3.80 ,$3.45 / 100G,/shop/productdetails/803578/queen-ultimate-sprinkles-midnight-magic
707374,Woolworths Chives Fresh Herb 10g Punnet,$3.20 ,$3.20 / 10G,/shop/productdetails/707374/woolworths-chives-fresh-herb
676576,Hart & Soul All Natural Pho Soup Cup 100g,$2.00 ,$2.00 / 100G,/shop/productdetails/676576/hart-soul-all-natural-pho-soup-cup
151097,Vicenzi Savoiardi Lady Fingers 400g,$8.00 ,$2.00 / 100G,/shop/productdetails/151097/vicenzi-savoiardi-lady-fingers
963209,Don Antonio Pasta Sauce Sugo Al Basilico 500g,$7.00 ,$1.40 / 100G,/shop/productdetails/963209/don-antonio-pasta-sauce-sugo-al-basilico
205438,Massel Ultracubes Salt Reduced Chicken 105g,$3.00 ,$0.29 / 10G,/shop/productdetails/205438/massel-ultracubes-salt-reduced-chicken
104999,Spc Less Sugar Diced Peaches In Juice Fruit Cups 4 X 120g,$4.50 ,$9.38 / 1KG,/shop/productdetails/104999/spc-less-sugar-diced-peaches-in-juice-fruit-cups
254804,White Wings Cookie Mix Soft Centred Choc Chip 485g,$5.00 ,$1.03 / 100G,/shop/productdetails/254804/white-wings-cookie-mix-soft-centred-choc-chip
84764,Woolworths Evaporated Milk 385ml,$2.00 ,$5.19 / 1L,/shop/productdetails/84764/woolworths-evaporated-milk
82125,Valcom Paste Thai Green Curry 210g,$3.80 ,$1.81 / 100G,/shop/productdetails/82125/valcom-paste-thai-green-curry
147701,Vittoria Espresso Ground Coffee 500g,$20.00 ,$4.00 / 100G,/shop/productdetails/147701/vittoria-espresso-ground-coffee
489128,Ayam Coconut Milk 400ml,$3.90 ,$0.98 / 100ML,/shop/productdetails/489128/ayam-coconut-milk
715078,Heinz Big N Chunky Steak & Mushroom Soup Ready Meals 535g,$3.90 ,$0.73 / 100G,/shop/productdetails/715078/heinz-big-n-chunky-steak-mushroom-soup-ready-meals
701751,Kellogg's Crunchy Nut Corn Flakes Breakfast Cereal 380g,$7.00 ,$1.84 / 100G,/shop/productdetails/701751/kelloggs-crunchy-nut-corn-flakes-breakfast-cereal
799817,Maharajah's Choice Rosewater 250ml,$4.00 ,$1.60 / 100ML,/shop/productdetails/799817/maharajah-s-choice-rosewater
75194,Mckenzie's Pepper Black Ground 100g,$4.20 ,$0.42 / 10G,/shop/productdetails/75194/mckenzie-s-pepper-black-ground
682526,S&b Golden Curry Mix Mild 92g,$5.00 ,$5.43 / 100G,/shop/productdetails/682526/s-b-golden-curry-mix-mild
930176,Edgell Black Beans Plant Protein 400g,$1.70 ,$0.43 / 100G,/shop/productdetails/930176/edgell-black-beans-plant-protein
250679,Woolworths Gravy Mix Traditional 120g,$2.10 ,$0.18 / 10G,/shop/productdetails/250679/woolworths-gravy-mix-traditional
81271,Hart & Soul Chicken Bone Broth Soup 350g,$4.50 ,$1.29 / 100G,/shop/productdetails/81271/hart-soul-chicken-bone-broth-soup
88376,Sacla Pesto Sundried Tomato Free From 190g,$5.90 ,$3.11 / 100G,/shop/productdetails/88376/sacla-pesto-sundried-tomato-free-from
84590,Sunsol Pro-biotic Almond & Manuka Honey Toasted Muesli 400g,$7.00 ,$1.75 / 100G,/shop/productdetails/84590/sunsol-pro-biotic-almond-manuka-honey-toasted-muesli
245394,Woolworths Peach In Mango Flavoured Jelly 4 Pack,$2.20 ,$4.58 / 1KG,/shop/productdetails/245394/woolworths-peach-in-mango-flavoured-jelly
758299,Dolmio Extra Spicy Peppers Tomato Pasta Sauce 500g,$3.50 ,$0.70 / 100G,/shop/productdetails/758299/dolmio-extra-spicy-peppers-tomato-pasta-sauce
41853,Twinings English Breakfast Loose Leaf Tea 125g,$6.50 ,$5.20 / 100G,/shop/productdetails/41853/twinings-english-breakfast-loose-leaf-tea
332567,Yeo's Drink Lychee 300ml,$1.25 ,$4.17 / 1L,/shop/productdetails/332567/yeo-s-drink-lychee
34565,Sacla Pesto Classic Green 190g,$5.90 ,$3.11 / 100G,/shop/productdetails/34565/sacla-pesto-classic-green
254421,Woolworths Passionfruit Pulp Canned 170g,$1.09 ,$6.41 / 1KG,/shop/productdetails/254421/woolworths-passionfruit-pulp-canned
758447,Dolmio Creamy Carbonara Pasta Sauce 490g,$3.50 ,$0.71 / 100G,/shop/productdetails/758447/dolmio-creamy-carbonara-pasta-sauce
787707,Sandhurst Semi Dried Tomato Strips 125g,$4.80 ,$38.40 / 1KG,/shop/productdetails/787707/sandhurst-semi-dried-tomato-strips-sundried-strips
97730,Valcom Canned Bamboo Shoots Sliced 225g,$1.40 ,$6.22 / 1KG,/shop/productdetails/97730/valcom-canned-bamboo-shoots-sliced
250992,Woolworths Cayenne Pepper 30g,,,/shop/productdetails/250992/woolworths-cayenne-pepper
144784,Woolworths Fresh Parsley Bunch,$3.20 ,$3.20 / 1EA,/shop/productdetails/144784/woolworths-fresh-parsley
178262,Annalisa Chickpeas 400g,$1.90 ,$0.48 / 100G,/shop/productdetails/178262/annalisa-chickpeas
78921,Barilla Basilico Pasta Sauce 400g,$4.60 ,$1.15 / 100G,/shop/productdetails/78921/barilla-basilico-pasta-sauce-basilico-tomato-basil
758809,Spc Baked Beans Rich Tomato Salt Reduced 220g X 4 Pack,$6.00 ,$0.68 / 100G,/shop/productdetails/758809/spc-baked-beans-rich-tomato-salt-reduced
535605,Woolworths Wholemeal Plain Flour 1kg,$2.00 ,$2.00 / 1KG,/shop/productdetails/535605/woolworths-wholemeal-plain-flour
450832,"Leggo's Pasta Sauce Carbonara Fresh Cream, Onion & Cheese 490g",$4.30 ,$0.88 / 100G,/shop/productdetails/450832/leggo-s-pasta-sauce-carbonara-fresh-cream-onion-cheese
678536,Maggie Beer Natural Beef Stock 500ml,$5.50 ,$1.10 / 100ML,/shop/productdetails/678536/maggie-beer-natural-beef-stock
75979,Nerada Tea Bags 200 Pack 400g,$6.00 ,$0.03 / 1EA,/shop/productdetails/75979/nerada-tea-bags
206404,Sanitarium Up & Go Protein Energize Strawberry Breakfast Drink 6 Pack,$10.50 ,$7.00 / 1L,/shop/productdetails/206404/sanitarium-up-go-protein-energize-strawberry-breakfast-drink
112080,Csr White Sugar Cubes 450g,$4.90 ,$1.09 / 100G,/shop/productdetails/112080/csr-white-sugar-cubes
128211,Deep Cove Red Salmon 105g,$3.70 ,$35.24 / 1KG,/shop/productdetails/128211/deep-cove-red-salmon
109275,Meiji Yan Yan Snacks Chocolate 50g,$2.10 ,$4.20 / 100G,/shop/productdetails/109275/meiji-yan-yan-snacks-chocolate
58611,Mitani Chicken Salt 200g,$3.40 ,$0.17 / 10G,/shop/productdetails/58611/mitani-chicken-salt
147314,Nutella Hazelnut Chocolate Spread 750g,$9.75 ,$1.30 / 100G,/shop/productdetails/147314/nutella-hazelnut-chocolate-spread-spread
8254,Sunrice Brown Rice Medium Grain 2kg,$7.70 ,$0.39 / 100G,/shop/productdetails/8254/sunrice-brown-rice-medium-grain
94250,Edgell Peas & Carrots 420g,$2.50 ,$5.95 / 1KG,/shop/productdetails/94250/edgell-peas-carrots-peas-carrots
750524,Heinz Soup Of The Day Spicy Pumpkin Soup Pouch 430g,$4.50 ,$1.05 / 100G,/shop/productdetails/750524/heinz-soup-of-the-day-spicy-pumpkin-soup-pouch
251001,Woolworths Cinnamon Sugar 60g,$1.65 ,$0.28 / 10G,/shop/productdetails/251001/woolworths-cinnamon-sugar
115013,Leggo's Tomato Paste No Added Salt Triple Concentrate Sachets 4x50g,$3.00 ,$1.50 / 100G,/shop/productdetails/115013/leggo-s-tomato-paste-no-added-salt-triple-concentrate-sachets
64364,Kikkoman Gf Sushi Teriyaki Sauce 200ml,$4.60 ,$2.30 / 100ML,/shop/productdetails/64364/kikkoman-gf-sushi-teriyaki-sauce
129035,Woolworths Smoked Sprats In Oil 120g,$3.00 ,$25.00 / 1KG,/shop/productdetails/129035/woolworths-smoked-sprats-in-oil
257303,Woolworths Vinegar Balsamic White 250ml,$3.00 ,$1.20 / 100ML,/shop/productdetails/257303/woolworths-vinegar-balsamic-white
820275,Campbell's Bone Broth Free Range Chicken 500ml,$7.00 ,$1.40 / 100ML,/shop/productdetails/820275/campbell-s-bone-broth-free-range-chicken
260099,Pureharvest Organic Almond Milk 1l,$2.00 ,$2.00 / 1L,/shop/productdetails/260099/pureharvest-organic-almond-milk
827218,Woolworths Tuna Sweet Chilli 95g,$1.10 ,$11.58 / 1KG,/shop/productdetails/827218/woolworths-tuna-sweet-chilli
