139806,Fresh Rockmelon Whole Each,$5.90,$5.90 / 1EA,/shop/productdetails/139806/fresh-rockmelon-whole
134681,Fresh Broccoli Each,$1.29,$1.29 / 1EA,/shop/productdetails/134681/fresh-broccoli
170154,Cabbage Chinese Wombok Half Each,$2.45,$2.45 / 1EA,/shop/productdetails/170154/cabbage-chinese-wombok-half
111670,Potato Red Washed Each,$0.81,$0.81 / 1EA,/shop/productdetails/111670/potato-red-washed
135306,Red Capsicum Each,$0.88,$0.88 / 1EA,/shop/productdetails/135306/red-capsicum
147197,Woolworths Butternut Pumpkin Cut Each,$2.28,$2.28 / 1EA,/shop/productdetails/147197/woolworths-butternut-pumpkin-cut
827628,Woolworths Leafy Mix Salad 120g,$2.00,$16.67 / 1KG,/shop/productdetails/827628/woolworths-leafy-mix-salad
122453,Select Tomato Roma 1kg Punnet,N/A,N/A,/shop/productdetails/122453/select-tomato-roma
137102,Woolworths Continental Cucumbers Each,$1.50,$1.50 / 1EA,/shop/productdetails/137102/woolworths-continental-cucumbers
760007,Woolworths Roma Tomato 480g Punnet,$5.90,$12.29 / 1KG,/shop/productdetails/760007/woolworths-roma-tomato
246566,Potato Brushed Each,$0.67,$0.67 / 1EA,/shop/productdetails/246566/potato-brushed
144329,Onion Brown Each,$0.56,$0.56 / 1EA,/shop/productdetails/144329/onion-brown
149358,Swedes Fresh Each,$1.61,$1.61 / 1EA,/shop/productdetails/149358/swedes-fresh
135344,Carrot Fresh Each,$0.35,$0.35 / 1EA,/shop/productdetails/135344/carrot-fresh
144497,Onion Red Each,$0.66,$0.66 / 1EA,/shop/productdetails/144497/onion-red
262783,Woolworths Washed Potatoes Bag 2kg,$4.50,$2.25 / 1KG,/shop/productdetails/262783/woolworths-washed-potatoes-bag
157649,Eat Later Cavendish Bananas Each,$0.72,$0.72 / 1EA,/shop/productdetails/157649/eat-later-cavendish-bananas
154340,Iceberg Lettuce Each,$2.90,$2.90 / 1EA,/shop/productdetails/154340/iceberg-lettuce
707370,Woolworths Rosemary Fresh Herb 10g Punnet,$3.20,$3.20 / 10G,/shop/productdetails/707370/woolworths-rosemary-fresh-herb
143709,Pumpkin Kent Cut Each,$1.05,$1.05 / 1EA,/shop/productdetails/143709/pumpkin-kent-cut
748374,Strawberry Fresh 450g Punnet,N/A,N/A,/shop/productdetails/748374/strawberry-fresh
531041,Woolworths Classic Coleslaw 200g,$2.00,$10.00 / 1KG,/shop/productdetails/531041/woolworths-classic-coleslaw
743361,Woolworths Asian Style Salad Kit 350g,$5.50,$15.71 / 1KG,/shop/productdetails/743361/woolworths-asian-style-salad-kit
717237,Macro Certified Organic Baby Spinach 100g,$4.00,$40.00 / 1KG,/shop/productdetails/717237/macro-certified-organic-baby-spinach
839552,Zucchini Green Punnet 500g,$3.90,$7.80 / 1KG,/shop/productdetails/839552/zucchini-green-punnet
169067,Woolworths Qukes Baby Cucumbers Punnet 250g,$3.50,$14.00 / 1KG,/shop/productdetails/169067/woolworths-qukes-baby-cucumbers-punnet
144336,Woolworths Onion Brown Bag 1kg,$3.20,$3.20 / 1KG,/shop/productdetails/144336/woolworths-onion-brown-bag
135449,Woolworths Odd Bunch Chopped Spinach 400g,$5.80,$14.50 / 1KG,/shop/productdetails/135449/woolworths-odd-bunch-chopped-spinach
447755,Woolworths Lettuce Iceberg Blend Lettuce Blend 300g,$3.00,$10.00 / 1KG,/shop/productdetails/447755/woolworths-lettuce-iceberg-blend-lettuce-blend
130935,Fresh Granny Smith Apples Each,$0.86,$0.86 / 1EA,/shop/productdetails/130935/fresh-granny-smith-apples
155003,Apple Royal Gala Each,$0.78,$0.78 / 1EA,/shop/productdetails/155003/apple-royal-gala
64423,Woolworths Sweet Berry Truss Tomatoes Punnet 140g,N/A,N/A,/shop/productdetails/64423/woolworths-sweet-berry-truss-tomatoes-punnet
233376,Woolworths Caesar Salad Kit Kit 290g,$5.50,$18.97 / 1KG,/shop/productdetails/233376/woolworths-caesar-salad-kit-kit
147947,Aussie Sprouts Alfalfa Sprouts 125g Punnet,$2.40,$19.20 / 1KG,/shop/productdetails/147947/aussie-sprouts-alfalfa-sprouts
135156,Capsicum Green Each,$0.88,$0.88 / 1EA,/shop/productdetails/135156/capsicum-green
133687,Aussie Sprouts Bean Sprouts 250g,$2.40,$9.60 / 1KG,/shop/productdetails/133687/aussie-sprouts-bean-sprouts-bean-shoot
714823,Woolworths Leafy Mix Salad 200g,$3.00,$15.00 / 1KG,/shop/productdetails/714823/woolworths-leafy-mix-salad
638009,Woolworths Lettuce Iceberg Shredded Lettuce 200g,$2.20,$11.00 / 1KG,/shop/productdetails/638009/woolworths-lettuce-iceberg-shredded-lettuce
156015,Woolworths Gold Sweet Potatoes Bag 1kg,$4.50,$4.50 / 1KG,/shop/productdetails/156015/woolworths-gold-sweet-potatoes-bag
259450,Orange Navel Each,$0.96,$0.96 / 1EA,/shop/productdetails/259450/orange-navel
193753,Woolworths Crunchy Noodle Coleslaw Kit Coleslaw Kit 520g,$4.50,$8.65 / 1KG,/shop/productdetails/193753/woolworths-crunchy-noodle-coleslaw-kit-coleslaw-kit
829357,Spud Lite Prepack Potato 1.5kg,$6.00,$4.00 / 1KG,/shop/productdetails/829357/spud-lite-prepack-potato
829360,The Odd Bunch Continental Cucumber Each,$1.20,$1.20 / 1EA,/shop/productdetails/829360/the-odd-bunch-continental-cucumber
141496,Woolworths Cos Hearts Lettuce 2 Pack,$3.50,$1.75 / 1EA,/shop/productdetails/141496/woolworths-cos-hearts-lettuce
147195,Pumpkin Butternut Whole Each,$4.55,$4.55 / 1EA,/shop/productdetails/147195/pumpkin-butternut-whole
178497,Silverbeet Fresh Bunch Each,$4.90,$4.90 / 1EA,/shop/productdetails/178497/silverbeet-fresh-bunch
187314,Woolworths Broccolini Bunch Each,$2.00,$2.00 / 1EA,/shop/productdetails/187314/woolworths-broccolini-bunch
135568,Fresh Cauliflower Half Each,$1.45,$1.45 / 1EA,/shop/productdetails/135568/fresh-cauliflower
385085,Woolworths White Washed Baby Potatoes Bag 1kg,$3.80,$3.80 / 1KG,/shop/productdetails/385085/woolworths-white-washed-baby-potatoes-bag
54901,Woolworths Baby Spinach & Kale 300g,$4.50,$15.00 / 1KG,/shop/productdetails/54901/woolworths-baby-spinach-kale
515547,Woolworths Thai Salad Kit 315g,$5.50,$1.75 / 100G,/shop/productdetails/515547/woolworths-thai-salad-kit
170127,Cabbage Chinese Wombok Whole Each,$4.90,$4.90 / 1EA,/shop/productdetails/170127/cabbage-chinese-wombok
705436,Woolworths Kaleslaw Kit 350g,$5.50,$15.71 / 1KG,/shop/productdetails/705436/woolworths-kaleslaw-kit
707369,Woolworths Sage Fresh Herb 10g Punnet,N/A,N/A,/shop/productdetails/707369/woolworths-sage-fresh-herb
149276,Strawberries 500g,N/A,N/A,/shop/productdetails/149276/woolworths-strawberries
829107,Mandarin Amorette Seedless Each,$0.66,$0.66 / 1EA,/shop/productdetails/829107/mandarin-amorette-seedless
101638,Woolworths Red Washed Potatoes Bag 2kg,$7.50,$3.75 / 1KG,/shop/productdetails/101638/woolworths-red-washed-potatoes-bag
162931,Woolworths Snow Peas Fresh 250g Bag,$5.50,$22.00 / 1KG,/shop/productdetails/162931/woolworths-snow-peas-fresh
143109,Mushrooms Cups Loose Per Kg,N/A,N/A,/shop/productdetails/143109/mushrooms-cups-loose
310968,Woolworths Fresh Pink Lady Apples Punnet 1kg,$4.00,$4.00 / 1KG,/shop/productdetails/310968/woolworths-fresh-pink-lady-apples-punnet
199732,Turnip Fresh Each,$1.40,$1.40 / 1EA,/shop/productdetails/199732/turnip-fresh
138082,Ginger Fresh Per Kg,$27.00,$27.00 / 1KG,/shop/productdetails/138082/ginger-fresh
515646,Woolworths Simply Steam Zucchini Spaghetti 250g,$3.00,$1.20 / 100G,/shop/productdetails/515646/woolworths-simply-steam-zucchini-spaghetti
115330,Fresh Packham Pear Each,$0.90,$0.90 / 1EA,/shop/productdetails/115330/fresh-packham-pear
713429,Garlic Head Each,$1.35,$1.35 / 1EA,/shop/productdetails/713429/woolworths-garlic-head
315670,Woolworths Fine Cut Coleslaw Coleslaw 300g,$3.00,$10.00 / 1KG,/shop/productdetails/315670/woolworths-fine-cut-coleslaw-coleslaw
124831,Woolworths Brushed Potatoes Bag 4kg,$7.00,$1.75 / 1KG,/shop/productdetails/124831/woolworths-brushed-potatoes-bag
163783,Woolworths Sugar Snap Peas 150g Bag,$4.90,$32.67 / 1KG,/shop/productdetails/163783/woolworths-sugar-snap-peas
285761,Perfection Romatherapy Baby Roma Tomato 250g Punnet,N/A,N/A,/shop/productdetails/285761/perfection-romatherapy-baby-roma-tomato
159626,Woolworths Greek Salad Kit 270g,$6.00,$22.22 / 1KG,/shop/productdetails/159626/woolworths-greek-salad-kit
152608,Woolworths Mushrooms Button 200g Punnet,$4.00,$20.00 / 1KG,/shop/productdetails/152608/woolworths-mushrooms-button
732262,The Odd Bunch Strawberry Punnet 500g,N/A,N/A,/shop/productdetails/732262/the-odd-bunch-strawberry-punnet
138801,White Seedless Grapes Bunch Each,$6.18,$6.18 / 1EA,/shop/productdetails/138801/white-seedless-grapes-bunch
127101,Aussie Sprouts Pea Shoots 100g Pack,$3.50,$35.00 / 1KG,/shop/productdetails/127101/aussie-sprouts-pea-shoots
169792,Fresh Blueberries Punnet 125g,$5.90,$47.20 / 1KG,/shop/productdetails/169792/fresh-blueberries-punnet
135552,Fresh Whole Cauliflower Each,$2.90,$2.90 / 1EA,/shop/productdetails/135552/fresh-whole-cauliflower
702156,Woolworths Rainbow Coleslaw 300g,$3.00,$10.00 / 1KG,/shop/productdetails/702156/woolworths-rainbow-coleslaw
173264,Woolworths Yellow Squash 250g Punnet,$5.50,$22.00 / 1KG,/shop/productdetails/173264/woolworths-yellow-squash
245902,Lime Fresh Each,$1.16,$1.16 / 1EA,/shop/productdetails/245902/lime-fresh
56534,Woolworths Green Goodness Salad Bowl 240g,$6.50,$27.08 / 1KG,/shop/productdetails/56534/woolworths-green-goodness-salad-bowl-salad-bowl
651492,Mandarin Tangold Seedless Each,$0.46,$0.46 / 1EA,/shop/productdetails/651492/mandarin-tangold-seedless
154991,Pak Choy Baby Asian Greens Each,$2.50,$2.50 / 1EA,/shop/productdetails/154991/pak-choy-baby-asian-greens
306510,Macro Organic Banana Each,$1.08,$1.08 / 1EA,/shop/productdetails/306510/macro-organic-banana
139645,Leek Fresh Each,$2.50,$2.50 / 1EA,/shop/productdetails/139645/leek-fresh
134072,Beans Round Per Kg,$5.90,$5.90 / 1KG,/shop/productdetails/134072/beans-round
642106,Woolworths Chicken Caesar Salad Bowl 180g,$6.00,$40.00 / 1KG,/shop/productdetails/642106/woolworths-chicken-caesar-salad-bowl-caesar-bowl
745467,Woolworths Celery Sticks 300g Punnet,$4.50,$15.00 / 1KG,/shop/productdetails/745467/woolworths-celery-sticks
659179,Premium Strawberries Punnet 350g,N/A,N/A,/shop/productdetails/659179/strawberry-premium-strawberries-punnet
135918,Celery Fresh Bunch,$3.90,$3.90 / 1EA,/shop/productdetails/135918/celery-fresh
775369,The Odd Bunch Avocado Prepacked 1kg,$5.50,$5.50 / 1KG,/shop/productdetails/775369/the-odd-bunch-avocado-prepacked
259514,Lemon Fresh Each,$1.38,$1.38 / 1EA,/shop/productdetails/259514/lemon-fresh
147981,Woolworths White Cup Sliced Mushroom Punnet 200g,$3.00,$15.00 / 1KG,/shop/productdetails/147981/woolworths-white-cup-sliced-mushroom-punnet
139238,Kiwi Fruit Green Each,$0.95,$0.95 / 1EA,/shop/productdetails/139238/kiwi-fruit-green
583615,Woolworths Cook Roast Mixed Vegetables With Garlic & Rosemary 500g,$5.50,$11.00 / 1KG,/shop/productdetails/583615/woolworths-cook-roast-mixed-vegetables-with-garlic-rosemary
120037,Pumpkin Kent Each,$4.50,$4.50 / 1EA,/shop/productdetails/120037/pumpkin-kent
699902,Woolworths Truss Tomatoes Vine Ripened Punnet 500g,N/A,N/A,/shop/productdetails/699902/woolworths-truss-tomatoes-vine-ripened-punnet
186910,Avocado Shepard Each,N/A,N/A,/shop/productdetails/186910/avocado-shepard
169160,Woolworths Caesar Salad Kit Tub 250g,N/A,N/A,/shop/productdetails/169160/woolworths-caesar-salad-kit-tub
800774,The Odd Bunch Pear Prepacked 1kg,$2.30,$2.30 / 1KG,/shop/productdetails/800774/the-odd-bunch-pear-prepacked
149963,Woolworths Mushrooms Cups 500g Punnet,$7.50,$15.00 / 1KG,/shop/productdetails/149963/woolworths-mushrooms-cups
194947,Baby Spinach Loose Per Kg,$17.00,$17.00 / 1KG,/shop/productdetails/194947/baby-spinach-loose
124751,Woolworths Red Onions 1kg Bag,$3.90,$3.90 / 1KG,/shop/productdetails/124751/woolworths-red-onions
139033,Woolworths Cook Stir-fry Traditional Vegetables 400g,$5.00,$12.50 / 1KG,/shop/productdetails/139033/woolworths-cook-stir-fry-traditional-vegetables
830353,The Odd Bunch Lemon Prepacked 500g,$3.10,$6.20 / 1KG,/shop/productdetails/830353/the-odd-bunch-lemon-prepacked
149374,Corn Sweet Each,$1.20,$1.20 / 1EA,/shop/productdetails/149374/corn-sweet
405838,Grapes Red Seedless Each,$3.33,$3.33 / 1EA,/shop/productdetails/405838/grapes-red-seedless
443314,Woolworths Cook Stir Fry Vegetable Super Foods 250g,$3.00,$12.00 / 1KG,/shop/productdetails/443314/woolworths-cook-stir-fry-vegetable-super-foods
703808,Woolworths Beetroot & Feta Salad Kit 270g,$6.00,$22.22 / 1KG,/shop/productdetails/703808/woolworths-beetroot-feta-salad-kit-salad-kit
56533,Woolworths Chicken Buffalo Salad Bowl 180g,$6.50,$36.11 / 1KG,/shop/productdetails/56533/woolworths-chicken-buffalo-salad-bowl-salad-bowl
267084,Zespri Sungold Kiwifruit Each,$1.20,$1.20 / 1EA,/shop/productdetails/267084/woolworths-sungold-kiwifruit-gold
847873,Woolworths Lettuce Butter 170g,$4.00,$23.53 / 1KG,/shop/productdetails/847873/woolworths-lettuce-butter
262398,Tangelo Minneola Each,$0.90,$0.90 / 1EA,/shop/productdetails/262398/tangelo-minneola
594774,Avocado Fresh 5 Pack,$6.50,$1.30 / 1EA,/shop/productdetails/594774/avocado-fresh
824508,The Odd Bunch Carrot Prepacked 1kg,$1.10,$1.10 / 1KG,/shop/productdetails/824508/the-odd-bunch-carrot-prepacked
106218,Bananas Kids 5 Pack,$3.50,$3.50 / 1EA,/shop/productdetails/106218/bananas-kids
137546,Eggplant Fresh Each,$2.53,$2.53 / 1EA,/shop/productdetails/137546/eggplant-fresh
314075,Mandarin Afourer Each,$0.36,$0.36 / 1EA,/shop/productdetails/314075/mandarin-afourer
143304,Woolworths Mushrooms Cups 200g Punnet,$3.00,$15.00 / 1KG,/shop/productdetails/143304/woolworths-mushrooms-cups
244637,Woolworths Brushed Potatoes Bag 2kg,$5.50,$2.75 / 1KG,/shop/productdetails/244637/woolworths-brushed-potatoes-bag
459369,Zerella Fresh Zerella Fresh Spudlite Baby Potato Pack Bag 750g,$3.00,$4.00 / 1KG,/shop/productdetails/459369/zerella-fresh-spudlite-baby-potato-pack-bag
139897,Woolworths Corn Sweet 500g Pack,$4.90,$9.80 / 1KG,/shop/productdetails/139897/woolworths-corn-sweet
663649,Perfection Kumato Tomato Punnet 300g,N/A,N/A,/shop/productdetails/663649/perfection-kumato-tomato-punnet
144427,Woolworths Brown Onions Bag 2kg,N/A,N/A,/shop/productdetails/144427/woolworths-brown-onions-bag
663734,The Salad Servers Turmeric Cauliflower & Cranberry Salad 300g,$6.95,$2.32 / 100G,/shop/productdetails/663734/the-salad-servers-turmeric-cauliflower-cranberry-salad
134932,Woolworths Green Cabbage Half Each,$3.95,$3.95 / 1EA,/shop/productdetails/134932/woolworths-green-cabbage
120230,Woolworths Mixed Vegetables Soup Starter With Celery 1kg Punnet,$4.90,$4.90 / 1KG,/shop/productdetails/120230/woolworths-mixed-vegetables-soup-starter-with-celery
742824,Woolworths Carrot Mini 500g,$1.20,$2.40 / 1KG,/shop/productdetails/742824/woolworths-carrot-mini
757488,Woolworths Potato Mini Microwavable White Bag 500g,$2.50,$5.00 / 1KG,/shop/productdetails/757488/woolworths-potato-mini-microwavable-white-bag
310966,Woolworths Fresh Granny Smith Apples Punnet 1kg,$4.90,$4.90 / 1KG,/shop/productdetails/310966/woolworths-fresh-granny-smith-apples-punnet
134801,Buk Choy Asian Greens Each,$2.50,$2.50 / 1EA,/shop/productdetails/134801/buk-choy-asian-greens
144793,Parsnip Fresh Each,$1.68,$1.68 / 1EA,/shop/productdetails/144793/parsnip-fresh
144785,Woolworths Fresh Continental Parsley Bunch,$3.20,$3.20 / 1EA,/shop/productdetails/144785/woolworths-fresh-continental-parsley-fresh-herb
54899,Woolworths Family Coleslaw 500g,$4.50,$9.00 / 1KG,/shop/productdetails/54899/woolworths-family-coleslaw
921080,Just Veg. Carrot Sticks 300g,N/A,N/A,/shop/productdetails/921080/just-veg-carrot-sticks
114177,Aussie Sprouts Sprouts Crunch Combo 200g Punnet,N/A,N/A,/shop/productdetails/114177/aussie-sprouts-sprouts-crunch-combo
315645,Perfection Kumato Grape Tomato 200g Punnet,$4.00,$20.00 / 1KG,/shop/productdetails/315645/perfection-kumato-grape-tomato
133621,Woolworths Green Basil Bunch,N/A,N/A,/shop/productdetails/133621/woolworths-green-basil
137534,Pineapple Naturally Sweet Whole Each,$5.90,$5.90 / 1EA,/shop/productdetails/137534/pineapple-naturally-sweet
136510,Chilli Red Each,$0.60,$0.60 / 1EA,/shop/productdetails/136510/chilli-red
164620,Woolworths Beetroot & Feta Salad Bowl 200g,$6.50,$32.50 / 1KG,/shop/productdetails/164620/woolworths-beetroot-feta-salad-bowl
707366,Woolworths Lemon Thyme Fresh Herb Punnet 10g,$3.20,$3.20 / 10G,/shop/productdetails/707366/woolworths-lemon-thyme-fresh-herb-punnet
164644,Woolworths Asian Salad Bowl 230g,$5.50,$23.91 / 1KG,/shop/productdetails/164644/woolworths-asian-salad-bowl
381923,Kanzi Apple Each,$1.21,$1.21 / 1EA,/shop/productdetails/381923/kanzi-apple
210690,Woolworths Slaw Smokey Bbq Slaw 450g,$4.50,$10.00 / 1KG,/shop/productdetails/210690/woolworths-slaw-smokey-bbq-slaw
338087,Woolworths Asian Salad Kit Tub 250g,$6.50,$26.00 / 1KG,/shop/productdetails/338087/woolworths-asian-salad-kit-tub
201685,Woolworths Mushrooms Cups Sliced 375g Punnet,$5.90,$15.73 / 1KG,/shop/productdetails/201685/woolworths-mushrooms-cups-sliced
384383,Sumo Citrus Each,N/A,N/A,/shop/productdetails/384383/sumo-citrus
921142,Just Veg. Carrot Shred 300g,$3.30,$11.00 / 1KG,/shop/productdetails/921142/just-veg-carrot-shred
133390,Banana Lady Finger Each,$1.28,$1.28 / 1EA,/shop/productdetails/133390/banana-lady-finger
761414,Envy Apple Each,$1.21,$1.21 / 1EA,/shop/productdetails/761414/envy-apple
185267,Beetroot Loose Each,$1.95,$1.95 / 1EA,/shop/productdetails/185267/beetroot-loose
137091,Woolworths Fresh Herb Coriander Bunch,$3.20,$3.20 / 1EA,/shop/productdetails/137091/woolworths-fresh-herb-coriander
89466,Woolworths Mushroom Sliced 500g,$7.50,$15.00 / 1KG,/shop/productdetails/89466/woolworths-mushroom-sliced
385086,Woolworths Baby Red Washed Potato 1kg Bag,N/A,N/A,/shop/productdetails/385086/woolworths-baby-red-washed-potato
588064,Woolworths Fresh Food Kids Mini Apples 5 Pack,$3.50,$0.70 / 1EA,/shop/productdetails/588064/woolworths-fresh-food-kids-mini-apples
306343,Jazz Apple Each,$1.21,$1.21 / 1EA,/shop/productdetails/306343/jazz-apple
145843,Snow Peas 1kg,$18.00,$18.00 / 1KG,/shop/productdetails/145843/snow-peas
254080,Woolworths Navel Oranges 3kg Bag,$4.90,$1.63 / 1KG,/shop/productdetails/254080/woolworths-navel-oranges
145111,Fresh Beurre Bosc Pear Each,$0.81,$0.81 / 1EA,/shop/productdetails/145111/fresh-beurre-bosc-pear
180148,Banana Red Tipped Each,$0.99,$0.99 / 1EA,/shop/productdetails/180148/banana-red-tipped
164642,Woolworths Caesar Salad Bowl 200g,$5.50,$27.50 / 1KG,/shop/productdetails/164642/woolworths-caesar-salad-bowl
800763,The Odd Bunch Apples Prepacked Punnet 1kg,$2.80,$2.80 / 1KG,/shop/productdetails/800763/the-odd-bunch-apples-prepacked-punnet
702151,Woolworths American Bbq Coleslaw 450g,$4.50,$10.00 / 1KG,/shop/productdetails/702151/woolworths-american-bbq-coleslaw
147199,Pumpkin Jarrahdale Grey Cut Each,$3.50,$3.50 / 1EA,/shop/productdetails/147199/pumpkin-jarrahdale-grey-cut
11358,The Salad Servers Lentil Salad 800g,$11.55,$1.44 / 100G,/shop/productdetails/11358/the-salad-servers-lentil-salad
310965,Woolworths Packham Pear 1kg Punnet,$3.00,$3.00 / 1KG,/shop/productdetails/310965/woolworths-packham-pear
147319,Radish Fresh Bunch,$3.50,$3.50 / 1EA,/shop/productdetails/147319/radish-fresh
588302,Woolworths Fresh Food Kids Mini Pears 5 Pack,$3.50,$0.70 / 1EA,/shop/productdetails/588302/woolworths-fresh-food-kids-mini-pears
825870,The Odd Bunch Capsicum Prepacked 1kg,$2.80,$2.80 / 1KG,/shop/productdetails/825870/the-odd-bunch-capsicum-prepacked
296813,Blackberry Fresh 125g,$4.50,$36.00 / 1KG,/shop/productdetails/296813/driscoll-s-blackberry-fresh
703827,Woolworths Korean Style Salad Kit 400g,$5.50,$13.75 / 1KG,/shop/productdetails/703827/woolworths-korean-style-salad-kit
840769,Woolworths Sweet Potato Mini Gold Prepacked 300g,$2.70,$9.00 / 1KG,/shop/productdetails/840769/woolworths-sweet-potato-mini-gold-prepacked
105925,Woolworths Beanette Pre Pack 400g Punnet,$3.50,$8.75 / 1KG,/shop/productdetails/105925/woolworths-beanette-pre-pack
164646,Woolworths Garden Salad Bowl 180g,$5.50,$30.56 / 1KG,/shop/productdetails/164646/woolworths-garden-salad-bowl
839573,Woolworths Lebanese Cucumber 500g Pack,$3.50,$7.00 / 1KG,/shop/productdetails/839573/woolworths-lebanese-cucumber
179004,Perfection Chinese Wombok Baby Whole Each,$3.90,$3.90 / 1EA,/shop/productdetails/179004/perfection-chinese-wombok-baby
307315,Woolworths Corn Cobbettes 425g,$4.50,$10.59 / 1KG,/shop/productdetails/307315/woolworths-corn-cobbettes
210687,Woolworths Cranberry & Kaleslaw Kit 350g,$5.50,$15.71 / 1KG,/shop/productdetails/210687/woolworths-cranberry-kaleslaw-kit
380338,Kale Fresh Bunch,$3.50,$3.50 / 1EA,/shop/productdetails/380338/kale-fresh
185251,Woolworths Cook Stir Fry Mix Rainbow Vegetables 400g,$3.00,$7.50 / 1KG,/shop/productdetails/185251/woolworths-cook-stir-fry-mix-rainbow-vegetables
164645,Woolworths Mexican Style Salad Bowl 220g,$5.50,$25.00 / 1KG,/shop/productdetails/164645/woolworths-mexican-style-salad-bowl
305235,Woolworths Green Asparagus Bunch Each,$3.90,$3.90 / 1EA,/shop/productdetails/305235/woolworths-green-asparagus-bunch-green
143311,Woolworths Mushrooms Shiitake 100g Punnet,$6.90,$69.00 / 1KG,/shop/productdetails/143311/woolworths-mushrooms-shiitake
119808,Woolworths Lettuce Oakleaf Green Each,$3.20,$3.20 / 1EA,/shop/productdetails/119808/woolworths-lettuce-oakleaf-green
122674,Macro Onion Spring Organic Each,N/A,N/A,/shop/productdetails/122674/macro-onion-spring-organic
688869,Macro Organic Solanato Tomatoes 200g,N/A,N/A,/shop/productdetails/688869/macro-organic-solanato-tomatoes
845671,The Odd Bunch Mandarin Prepacked 1kg,$2.20,$2.20 / 1KG,/shop/productdetails/845671/the-odd-bunch-mandarin-prepacked
135324,Capsicum Yellow Each,$2.48,$2.48 / 1EA,/shop/productdetails/135324/capsicum-yellow
780371,Woolworths Beetroot Fresh Beetroot 250g,$3.00,$12.00 / 1KG,/shop/productdetails/780371/woolworths-beetroot-fresh-beetroot
186285,Potato Sweet Purple Each,$3.11,$3.11 / 1EA,/shop/productdetails/186285/potato-sweet-purple
810795,Garlic Heads 3 Pack,$3.00,$1.00 / 1EA,/shop/productdetails/810795/woolworths-garlic-heads-clove
839321,The Salad Servers Salad Bean Medley 300g,$6.95,$2.32 / 100G,/shop/productdetails/839321/the-salad-servers-salad-bean-medley
651491,Macro Organic Coleslaw & Kale Slaw Kit 250g,$4.90,$19.60 / 1KG,/shop/productdetails/651491/macro-organic-coleslaw-kale-slaw-kit
591940,Woolworths Sweet & Juicy Mandarins 750g Prepack,$3.50,$4.67 / 1KG,/shop/productdetails/591940/woolworths-sweet-juicy-mandarins
721337,Select Lettuce Oakleaf Combo Each,$3.20,$3.20 / 1EA,/shop/productdetails/721337/select-lettuce-oakleaf-combo
730118,Mulgowie Green Beans Cleaned & Cut 340g,$5.50,$16.18 / 1KG,/shop/productdetails/730118/mulgowie-green-beans-cleaned-cut
134782,Woolworths Brussels Sprouts Per Kg,$8.90,$8.90 / 1KG,/shop/productdetails/134782/woolworths-brussels-sprouts
748851,Woolworths Celery Heart Each,$4.50,$4.50 / 1EA,/shop/productdetails/748851/woolworths-celery-heart
134784,Woolworths Brussel Sprouts Prepack 500g Punnet,N/A,N/A,/shop/productdetails/134784/woolworths-brussel-sprouts-prepack
142948,Woolworths Fresh Mint Bunch,$3.20,$3.20 / 1EA,/shop/productdetails/142948/woolworths-fresh-mint
177574,Woolworths Mashing Potatoes Bag 1.5kg,$7.00,$4.67 / 1KG,/shop/productdetails/177574/woolworths-mashing-potatoes-bag
85794,Snackable Snacking Carrot Each,$3.90,$15.60 / 1KG,/shop/productdetails/85794/snackable-snacking-carrot
808412,Woolworths Organic Tomato Truss 500g,$6.50,$13.00 / 1KG,/shop/productdetails/808412/woolworths-organic-tomato-truss
136341,Chilli Baby Hot Each,$0.14,$0.14 / 1EA,/shop/productdetails/136341/chilli-baby-hot
117381,Macro Organic Carrots 750g,$3.70,$4.93 / 1KG,/shop/productdetails/117381/macro-organic-carrots
215609,Woolworths Portobello Flat Mushrooms Punnet 375g,N/A,N/A,/shop/productdetails/215609/woolworths-portobello-flat-mushrooms-punnet
210686,Woolworths Honey Mustard Salad Kit 285g,$5.50,$19.30 / 1KG,/shop/productdetails/210686/woolworths-honey-mustard-salad-kit
164641,Woolworths Cobb Salad Bowl 240g,$6.50,$27.08 / 1KG,/shop/productdetails/164641/woolworths-cobb-salad-bowl
218235,Woolworths Cook Simmer Veggie Mix 400g,$4.00,$10.00 / 1KG,/shop/productdetails/218235/woolworths-cook-simmer-veggie-mix
158940,Woolworths Washed & Ready To Cook Vegetable Medley 150g,$2.30,$15.33 / 1KG,/shop/productdetails/158940/woolworths-washed-ready-to-cook-vegetable-medley
143179,Naturally Sweet Pineapple Half Each,$2.95,$2.95 / 1EA,/shop/productdetails/143179/woolworths-naturally-sweet-pineapple
136979,Select Choy Sum Asian Greens Each,$2.50,$2.50 / 1EA,/shop/productdetails/136979/select-choy-sum-asian-greens
137605,Fresh Fennel Each,$3.50,$3.50 / 1EA,/shop/productdetails/137605/fresh-fennel
149930,Woolworths Swiss Brown Mushrooms Punnet 200g,$5.50,$27.50 / 1KG,/shop/productdetails/149930/woolworths-swiss-brown-mushrooms-punnet
159072,Woolworths Washed & Ready To Cook Pumpkin Cubes 500g,$5.00,$10.00 / 1KG,/shop/productdetails/159072/woolworths-washed-ready-to-cook-pumpkin-cubes
30758,Woolworths Diced Pumpkin & Sweet Potato 500g,$5.50,$11.00 / 1KG,/shop/productdetails/30758/woolworths-diced-pumpkin-sweet-potato
210689,Woolworths Mexican Style Salad Kit 340g,$5.50,$16.18 / 1KG,/shop/productdetails/210689/woolworths-mexican-style-salad-kit
144795,Passionfruit Fresh Each,$1.50,$1.50 / 1EA,/shop/productdetails/144795/passionfruit-fresh
132538,Woolworths Asparagus Green Bunch Each,$3.90,$3.90 / 1EA,/shop/productdetails/132538/woolworths-asparagus-green-bunch
135947,Woolworths 3 Colour Traffic Light Capsicums 3 Pack,$7.90,$2.63 / 1EA,/shop/productdetails/135947/woolworths-3-colour-traffic-light-capsicums
210691,Woolworths Caesar Salad Kit Entertainer Pack 500g,$7.00,$14.00 / 1KG,/shop/productdetails/210691/woolworths-caesar-salad-kit-entertainer-pack
147346,Rhubarb Fresh Bunch,$6.00,$6.00 / 1EA,/shop/productdetails/147346/rhubarb-fresh
1632,Macro Pumpkin Kent Cut Organic Each,$2.00,$2.00 / 1EA,/shop/productdetails/1632/macro-pumpkin-kent-cut-organic
195767,Premium Strawberries 300g,N/A,N/A,/shop/productdetails/195767/premium-strawberries
159073,Woolworths Washed & Ready To Cook Diced Pumpkin 750g,$7.00,$9.33 / 1KG,/shop/productdetails/159073/woolworths-washed-ready-to-cook-diced-pumpkin
195766,Berry Raspberry Family Pack 200g,N/A,N/A,/shop/productdetails/195766/berry-raspberry-family-pack
210688,Woolworths Lettuce Gourmet Leaf Mix 170g,$4.00,$23.53 / 1KG,/shop/productdetails/210688/woolworths-lettuce-gourmet-leaf-mix
113616,Honeydew Large Half Each,$1.45,$1.45 / 1EA,/shop/productdetails/113616/honeydew-large
233567,Woolworths Four Seasons Coleslaw Coleslaw 400g,$4.50,$11.25 / 1KG,/shop/productdetails/233567/woolworths-four-seasons-coleslaw-coleslaw
786152,Kiwi Fruit Green 8 Pack,N/A,N/A,/shop/productdetails/786152/kiwi-fruit-green
24364,The Odd Bunch Lebanese Cucumber 750g,$2.90,$3.87 / 1KG,/shop/productdetails/24364/the-odd-bunch-lebanese-cucumber
830354,The Odd Bunch Lime Prepacked 500g,$4.50,$9.00 / 1KG,/shop/productdetails/830354/the-odd-bunch-lime-prepacked
190092,Select Lettuce Baby Cos Each,$3.20,$3.20 / 1EA,/shop/productdetails/190092/select-lettuce-baby-cos
405774,Black Seedless Grapes Each,$4.28,$4.28 / 1EA,/shop/productdetails/405774/grape-black-seedless-grapes
823690,Woolworths Little Gem Lettuce Green 2 Pack,$4.50,$4.50 / 1EA,/shop/productdetails/823690/woolworths-little-gem-lettuce-green
134923,Cabbage Green Whole Each,$6.00,$6.00 / 1EA,/shop/productdetails/134923/cabbage-green
224918,Woolworths Cook Potato Baby Herb & Butter 400g,$4.50,$11.25 / 1KG,/shop/productdetails/224918/woolworths-cook-potato-baby-herb-butter
134986,Cabbage Red Half Each,$3.50,$3.50 / 1EA,/shop/productdetails/134986/cabbage-red
707374,Woolworths Chives Fresh Herb 10g Punnet,$3.20,$3.20 / 10G,/shop/productdetails/707374/woolworths-chives-fresh-herb
159055,Woolworths Washed & Ready To Cook Broccoli Florets 150g,$2.00,$13.33 / 1KG,/shop/productdetails/159055/woolworths-washed-ready-to-cook-broccoli-florets
738337,Parsnip Mini 350g,$6.50,$18.57 / 1KG,/shop/productdetails/738337/parsnip-mini
144784,Woolworths Fresh Parsley Bunch,$3.20,$3.20 / 1EA,/shop/productdetails/144784/woolworths-fresh-parsley
159054,Woolworths Washed & Ready To Cook Broccoli & Cauliflower Florets 150g,$2.00,$13.33 / 1KG,/shop/productdetails/159054/woolworths-washed-ready-to-cook-broccoli-cauliflower-florets
717238,Macro Certified Organic Salad Mix 100g,$3.80,$38.00 / 1KG,/shop/productdetails/717238/macro-certified-organic-salad-mix
780372,Woolworths Beetroot Fresh Beetroot 500g,$5.00,$10.00 / 1KG,/shop/productdetails/780372/woolworths-beetroot-fresh-beetroot
381241,Woolworths Mushrooms Swiss Brown Sliced 200g Punnet,$5.50,$27.50 / 1KG,/shop/productdetails/381241/woolworths-mushrooms-swiss-brown-sliced
325130,Gourmet Garden Paste Thai 80g Tube,N/A,N/A,/shop/productdetails/325130/gourmet-garden-paste-thai
769063,Macro Dutch Cream Organic Potato 1kg Punnet,$3.50,$3.50 / 1KG,/shop/productdetails/769063/macro-dutch-cream-organic-potato
259345,Grapefruit Red Flesh Each,$1.29,$1.29 / 1EA,/shop/productdetails/259345/grapefruit-red-flesh
693501,Lemon 500g Per Pack,$4.50,$9.00 / 1KG,/shop/productdetails/693501/lemon-lemon
135030,Cabbage Savoy Half Each,$3.50,$3.50 / 1EA,/shop/productdetails/135030/cabbage-savoy
106542,Chilli Green Each,$0.66,$0.66 / 1EA,/shop/productdetails/106542/chilli-green
145259,Fresh Green Nashi Pear Each,$1.90,$1.90 / 1EA,/shop/productdetails/145259/fresh-green-nashi-pear
413886,Macro Organic Sweet Potato Each,$4.28,$4.28 / 1EA,/shop/productdetails/413886/macro-organic-sweet-potato
774548,Woolwoorths White Grapes 400g,N/A,N/A,/shop/productdetails/774548/woolwoorths-white-grapes
349592,Organic Silverbeet Rainbow Each,$5.50,$5.50 / 1EA,/shop/productdetails/349592/organic-silverbeet-rainbow
707365,Woolworths Dill Fresh Herb 15g,$3.20,$2.13 / 10G,/shop/productdetails/707365/woolworths-dill-fresh-herb
127079,Cabbage Red Quarter Each,$1.75,$1.75 / 1EA,/shop/productdetails/127079/cabbage-red-quarter
139330,The Odd Bunch Crazy Carrots 5kg,$5.60,$1.12 / 1KG,/shop/productdetails/139330/the-odd-bunch-crazy-carrots
126772,Chilli Jalapeno Hot Each,$0.94,$0.94 / 1EA,/shop/productdetails/126772/chilli-jalapeno-hot
135037,Woolworths Baby Buk Choy Asian Greens Each,N/A,N/A,/shop/productdetails/135037/woolworths-baby-buk-choy-asian-greens
324819,Pomegranate Fresh Each,N/A,N/A,/shop/productdetails/324819/pomegranate-fresh
823691,Woolworths Little Gem Lettuce Combo 2 Pack,$4.50,$4.50 / 1EA,/shop/productdetails/823691/woolworths-little-gem-lettuce-combo
781403,Gourmet Garden Parsley Lightly Dried 8g Sachet,$4.00,$5.00 / 10G,/shop/productdetails/781403/gourmet-garden-parsley-lightly-dried
426911,Macro Organic Gourmet Salad Mix 100g,$4.00,$40.00 / 1KG,/shop/productdetails/426911/macro-organic-gourmet-salad-mix
253320,Woolworths Garlic Cloves 70g,$2.50,$35.71 / 1KG,/shop/productdetails/253320/woolworths-garlic-cloves
789892,Macro Fresh Celery Heart Organic Each,N/A,N/A,/shop/productdetails/789892/macro-fresh-celery-heart-organic
145182,Fresh Corella Pear Each,$0.78,$0.78 / 1EA,/shop/productdetails/145182/fresh-corella-pear
306567,Macro Organic Round Beans 200g,$3.50,$17.50 / 1KG,/shop/productdetails/306567/macro-organic-round-beans
706450,Gourmet Garden Garlic Cold Blended Paste Tube 120g,$5.00,$0.42 / 10G,/shop/productdetails/706450/gourmet-garden-garlic-cold-blended-paste-tube
325816,Jazz Apple Snackers 1kg Punnet,$5.90,$5.90 / 1KG,/shop/productdetails/325816/jazz-apple-snackers
172659,Papaya Red Whole Each,$3.90,$3.90 / 1EA,/shop/productdetails/172659/papaya-red-whole
707364,Woolworths Green Basil Fresh Herb 15g Punnet,$3.20,$2.13 / 10G,/shop/productdetails/707364/woolworths-green-basil-fresh-herb
177575,Georgina White Washed Potato Bag 1.5kg,$5.50,$3.67 / 1KG,/shop/productdetails/177575/georgina-white-washed-potato-bag
79928,"Woolworths Carrot, Corn & Beans 350g",$5.50,$15.71 / 1KG,/shop/productdetails/79928/woolworths-carrot-corn-beans
781401,Gourmet Garden Basil Lightly Dried 10g Sachet,$4.00,$4.00 / 10G,/shop/productdetails/781401/gourmet-garden-basil-lightly-dried
79288,Macro Organic Mini Watermelon Seedless Each,$6.90,$6.90 / 1EA,/shop/productdetails/79288/macro-organic-mini-watermelon-seedless
144523,Onion White Each,$1.10,$1.10 / 1EA,/shop/productdetails/144523/onion-white
785544,Kanzi Apple 1kg Punnet,$6.90,$6.90 / 1KG,/shop/productdetails/785544/kanzi-apple
583617,Woolworths Cook Cauliflower Broccoli & Carrot With Herb Butter 200g,N/A,N/A,/shop/productdetails/583617/woolworths-cook-cauliflower-broccoli-carrot-with-herb-butter
120847,Garlic 3 Pack,N/A,N/A,/shop/productdetails/120847/garlic
199771,Fresh Chokoes Each,$1.57,$1.57 / 1EA,/shop/productdetails/199771/fresh-chokoes
165715,Corn Sweet Polka Dot 500g Punnet,$4.90,$9.80 / 1KG,/shop/productdetails/165715/corn-sweet-polka-dot
185250,Woolworths Cook Stir Fry Mix Super Greens 550g,$5.00,$9.09 / 1KG,/shop/productdetails/185250/woolworths-cook-stir-fry-mix-super-greens
154338,Macro Organic Royal Gala Apple Punnet 1kg,$7.80,$7.80 / 1KG,/shop/productdetails/154338/macro-organic-royal-gala-apple-punnet
784073,Fresh Beurre Bosc Pear 750g Punnet,$2.90,$3.87 / 1KG,/shop/productdetails/784073/fresh-beurre-bosc-pear
154992,Choy Sum Baby Asian Greens Each,$2.50,$2.50 / 1EA,/shop/productdetails/154992/choy-sum-baby-asian-greens
135334,Woolworths Carrot Dutch Bunch Each,$2.90,$2.90 / 1EA,/shop/productdetails/135334/woolworths-carrot-dutch-bunch
646356,Envy Apple 1kg Punnet,N/A,N/A,/shop/productdetails/646356/envy-apple
707362,Woolworths Lemongrass Fresh Herb 30g Punnet,$3.20,$1.07 / 10G,/shop/productdetails/707362/woolworths-lemongrass-fresh-herb
621085,Zespri Sungold Kiwifruit Punnet 500g,$6.50,$13.00 / 1KG,/shop/productdetails/621085/zespri-sungold-kiwifruit-punnet
372556,Macro Organic Sweet Corn 400g,N/A,N/A,/shop/productdetails/372556/macro-organic-sweet-corn
308186,Leek Twin Pack 2 Pack,N/A,N/A,/shop/productdetails/308186/leek-twin-pack
159074,Woolworths Washed & Ready To Cook Mixed Rainbow Vegetables 750g,$7.00,$9.33 / 1KG,/shop/productdetails/159074/woolworths-washed-ready-to-cook-mixed-rainbow-vegetables
79986,Woolworths Quick Cook Potatoes With Garlic & Rosemary 400g,$4.50,$11.25 / 1KG,/shop/productdetails/79986/woolworths-quick-cook-potatoes-with-garlic-rosemary
145457,Potato Kipfler Brushed Each,$2.00,$2.00 / 1EA,/shop/productdetails/145457/potato-kipfler-brushed
127017,Pumpkin Jarrahdale Whole Each,$10.50,$10.50 / 1EA,/shop/productdetails/127017/pumpkin-jarrahdale-whole
792361,Macro Organic Avocado Each,$2.90,$2.90 / 1EA,/shop/productdetails/792361/macro-organic-avocado
159056,Woolworths Washed & Ready To Cook Cauliflower Florets 150g,$2.00,$13.33 / 1KG,/shop/productdetails/159056/woolworths-washed-ready-to-cook-cauliflower-florets
105134,Woolworths Sweet Baby Vine Capsicum 175g,N/A,N/A,/shop/productdetails/105134/woolworths-sweet-baby-vine-capsicum
774552,Woolworths Red Grapes 400g,$4.00,$10.00 / 1KG,/shop/productdetails/774552/woolworths-red-grapes
94978,Woolworths Sliced Potato 450g,$4.50,$10.00 / 1KG,/shop/productdetails/94978/woolworths-sliced-potato
215610,Woolworths White Flat Mushrooms Punnet 375g,$6.00,$16.00 / 1KG,/shop/productdetails/215610/woolworths-white-flat-mushrooms-punnet
772786,Macro Organic Kale Each,$6.00,$6.00 / 1EA,/shop/productdetails/772786/macro-organic-kale
116277,Macro Organic Beetroot Punnet 500g,N/A,N/A,/shop/productdetails/116277/macro-organic-beetroot-punnet
144800,Passionfruit Panama Each,$1.20,$1.20 / 1EA,/shop/productdetails/144800/passionfruit-panama
773340,Macro Mini Organic Apple 1kg,$7.80,$7.80 / 1KG,/shop/productdetails/773340/macro-mini-organic-apple
79987,Woolworths Parmesan Crumbed Potatoes 500g,$5.50,$11.00 / 1KG,/shop/productdetails/79987/woolworths-parmesan-crumbed-potatoes
707363,Woolworths Thai Basil Fresh Herbs 15g Punnet,$3.20,$2.13 / 10G,/shop/productdetails/707363/woolworths-thai-basil-fresh-herbs
786006,Macro Fresh Lettuce Baby Cos Organic Pack Each,$4.90,$4.90 / 1EA,/shop/productdetails/786006/macro-fresh-lettuce-baby-cos-organic-pack
79931,Woolworths Cook Mixed Green Vegetables & Edamame 225g,$4.50,$20.00 / 1KG,/shop/productdetails/79931/woolworths-cook-mixed-green-vegetables-edamame
810386,Macro Organic Broccoli 500g,N/A,N/A,/shop/productdetails/810386/macro-organic-broccoli
685740,Organic Pumpkin Butternut Each,$4.50,$4.50 / 1EA,/shop/productdetails/685740/organic-pumpkin-butternut
781395,Gourmet Garden Coriander Lightly Dried 8g Sachet,$4.00,$5.00 / 10G,/shop/productdetails/781395/gourmet-garden-coriander-lightly-dried
774553,Woolworths Seedless Black Grapes 400g,$4.00,$10.00 / 1KG,/shop/productdetails/774553/woolworths-seedless-black-grapes
948511,Gourmet Garden Paste Ginger 80g,$4.00,$5.00 / 100G,/shop/productdetails/948511/gourmet-garden-paste-ginger
948525,Gourmet Garden Paste Lemongrass 80g,$4.00,$5.00 / 100G,/shop/productdetails/948525/gourmet-garden-paste-lemongrass
948491,Gourmet Garden Paste Garlic 80g,$4.00,$0.50 / 10G,/shop/productdetails/948491/gourmet-garden-paste-garlic
707373,Woolworths Kaffir Lime Leaf Fresh Herb 10g Punnet,$3.20,$3.20 / 10G,/shop/productdetails/707373/woolworths-kaffir-lime-leaf-fresh-herb
364554,Avofresh Soft Avocado Hint Of Lemon 160g Tube,N/A,N/A,/shop/productdetails/364554/avofresh-soft-avocado-hint-of-lemon
185243,Galiko All Natural Garlic Minced Jar 145g,$3.00,$2.07 / 100G,/shop/productdetails/185243/galiko-all-natural-garlic-minced-jar
116404,Pear Red Angel Each,$1.09,$1.09 / 1EA,/shop/productdetails/116404/pear-red-angel
185242,Galiko All Natural Ginger Minced Jar 145g,$3.00,$2.07 / 100G,/shop/productdetails/185242/galiko-all-natural-ginger-minced-jar
629215,Macro Organic Celery Sticks 250g,$4.50,$18.00 / 1KG,/shop/productdetails/629215/macro-organic-celery-sticks
283414,Mandarin Amorette 750g,$4.50,$6.43 / 1KG,/shop/productdetails/283414/mandarin-amorette
876327,Woolworths Chilli Red Cayenne 50g,$3.80,$7.60 / 100G,/shop/productdetails/876327/woolworths-chilli-red-cayenne
948505,Gourmet Garden Paste Basil 80g,$4.00,$5.00 / 100G,/shop/productdetails/948505/gourmet-garden-paste-basil
318163,Macro Organic Dates Punnet 200g,$6.50,$32.50 / 1KG,/shop/productdetails/318163/macro-organic-dates-punnet
59809,Gourmet Garden Herb Tube Ginger 115g,$5.00,$0.43 / 10G,/shop/productdetails/59809/gourmet-garden-herb-tube-ginger
134984,Cabbage Red Whole Each,$7.00,$7.00 / 1EA,/shop/productdetails/134984/cabbage-red
827515,Country Fresh Exotic Mushroom Risotto Mix 150g,$6.90,$46.00 / 1KG,/shop/productdetails/827515/country-fresh-exotic-mushroom-risotto-mix
427867,Macro Organic Herb Coriander Bunch Each,N/A,N/A,/shop/productdetails/427867/macro-organic-herb-coriander-bunch
85417,Grape Candy Hearts 400g,$6.50,$16.25 / 1KG,/shop/productdetails/85417/grape-candy-hearts
806333,Woolworths Organic Salad Coleslaw 200g,$3.00,$15.00 / 1KG,/shop/productdetails/806333/woolworths-organic-salad-coleslaw
364558,Avofresh Chunky Avocado Hint Of Lemon 160g Tub,N/A,N/A,/shop/productdetails/364558/avofresh-chunky-avocado-hint-of-lemon
374347,Pomlife Pomegranate Arils Punnet 75g,$6.50,$86.67 / 1KG,/shop/productdetails/374347/pomlife-pomegranate-arils-punnet
707375,Woolworths Bay Leaf Fresh Herb 10g,N/A,N/A,/shop/productdetails/707375/woolworths-bay-leaf-fresh-herb
578168,Mi Apple Loose Each,N/A,N/A,/shop/productdetails/578168/mi-apple-loose
707361,Woolworths Curry Leaf Fresh Herb 5g Punnet,N/A,N/A,/shop/productdetails/707361/woolworths-curry-leaf-fresh-herb
593297,Gourmet Garden Mint Lightly Dried 5g,$4.00,$8.00 / 10G,/shop/productdetails/593297/gourmet-garden-mint-lightly-dried
165322,Fioretto Cauli Blossom 150g,N/A,N/A,/shop/productdetails/165322/fioretto-cauli-blossom
173415,Papaya Red Cut Half Each,$2.25,$2.25 / 1EA,/shop/productdetails/173415/papaya-red-cut-half
179994,Woolworths Mushrooms Oyster 150g Punnet,N/A,N/A,/shop/productdetails/179994/woolworths-mushrooms-oyster
405658,Avofresh Soft Avocado Lime & Black Pepper 160g Tube,N/A,N/A,/shop/productdetails/405658/avofresh-soft-avocado-lime-black-pepper
648994,Woolworths Kiwifruit Green Kids 5 Pack,N/A,N/A,/shop/productdetails/648994/woolworths-kiwifruit-green-kids
876201,Woolworths Chilli Birdseye 20g Punnet,$3.80,$19.00 / 100G,/shop/productdetails/876201/woolworths-chilli-birdseye
665587,The Odd Bunch Tasty Snacking Tomato  350g,N/A,N/A,/shop/productdetails/665587/the-odd-bunch
555398,Gourmet Garden Lightly Dried Chives 4g,$4.00,$10.00 / 10G,/shop/productdetails/555398/gourmet-garden-lightly-dried-chives
220202,Woolworths Capsicum Mini Vine Sweet 175g Punnet,N/A,N/A,/shop/productdetails/220202/woolworths-capsicum-mini-vine-sweet
806260,Macro Organic Beetroot 250g,N/A,N/A,/shop/productdetails/806260/macro-organic-beetroot
707371,Woolworths Oregano Fresh Herb 10g Punnet,N/A,N/A,/shop/productdetails/707371/woolworths-oregano-fresh-herb
827507,Country Fresh Exotic Mushroom Stir Fry Mix 150g,$6.90,$46.00 / 1KG,/shop/productdetails/827507/country-fresh-exotic-mushroom-stir-fry-mix
829707,Woolworths Organic Mushroom Cup 180g,$5.00,$27.78 / 1KG,/shop/productdetails/829707/woolworths-organic-mushroom-cup
948509,Gourmet Garden Paste Coriander 80g,$4.00,$0.50 / 10G,/shop/productdetails/948509/gourmet-garden-paste-coriander
593301,Gourmet Garden Oregano Lightly Dried 5g,$4.00,$8.00 / 10G,/shop/productdetails/593301/gourmet-garden-oregano-lightly-dried
669459,Birch & Waite Milk Chocolate Dessert Sauce 130g,$3.00,$23.08 / 1KG,/shop/productdetails/669459/birch-waite-milk-chocolate-dessert-sauce
696428,Melon Orange Candy Each,$5.90,$5.90 / 1EA,/shop/productdetails/696428/melon-orange-candy
135029,Cabbage Savoy Whole Each,$7.00,$7.00 / 1EA,/shop/productdetails/135029/cabbage-savoy
271214,Macro Organic Sweet Potato 500g,$5.90,$11.80 / 1KG,/shop/productdetails/271214/macro-organic-sweet-potato
145919,Persimmon Fresh Each,N/A,N/A,/shop/productdetails/145919/persimmon-fresh
427873,Macro Organic Herb Parsley Bunch Each,$4.50,$4.50 / 1EA,/shop/productdetails/427873/macro-organic-herb-parsley-bunch
7238,Macro Organic Mini Capsicum Each,$5.90,$33.71 / 1KG,/shop/productdetails/7238/macro-organic-mini-capsicum
147315,Quince Fresh Each,$2.21,$2.21 / 1EA,/shop/productdetails/147315/quince-fresh
143745,Chestnuts Large Per Kg,$10.90,$10.90 / 1KG,/shop/productdetails/143745/chestnuts-large
855216,Woolworths Black Seedless Grapes Bunch Each,N/A,N/A,/shop/productdetails/855216/woolworths-black-seedless-grapes-bunch
199715,Star Fruit Carambola Each,$1.34,$1.34 / 1EA,/shop/productdetails/199715/star-fruit-carambola
948507,Gourmet Garden Paste Chilli Mild 80g,$4.00,$0.50 / 10G,/shop/productdetails/948507/gourmet-garden-paste-chilli-mild
875855,Woolworths Chilli Green Cayenne 50g Punnet,$3.80,$7.60 / 100G,/shop/productdetails/875855/woolworths-chilli-green-cayenne
243094,Avofresh Classic Guacamole 160g,$5.50,$3.44 / 100G,/shop/productdetails/243094/avofresh-classic-guacamole
349867,Mandarin Phoenix Each,N/A,N/A,/shop/productdetails/349867/mandarin-phoenix
73197,Woolworths Good To Go Fresh Rockmelon 200g,N/A,N/A,/shop/productdetails/73197/woolworths-good-to-go-fresh-rockmelon
856965,Woolworths Organic Baby Pak Choy 2 Pack,N/A,N/A,/shop/productdetails/856965/woolworths-organic-baby-pak-choy
149767,Organic Lettuce Iceberg Prepacked Each,N/A,N/A,/shop/productdetails/149767/organic-lettuce-iceberg-prepacked
149792,Macro Fresh Cabbage Organic Green Half Each,N/A,N/A,/shop/productdetails/149792/macro-fresh-cabbage-organic-green-half
876280,Woolworths Chilli Jalapeno 80g,$3.80,$4.75 / 100G,/shop/productdetails/876280/woolworths-chilli-jalapeno
476796,Gourmet Garden Mixed Herbs Lightly Dried 8g Sachet,$4.00,$5.00 / 10G,/shop/productdetails/476796/gourmet-garden-mixed-herbs-lightly-dried
717236,Macro Organic Wild Rocket 100g,$4.50,$45.00 / 1KG,/shop/productdetails/717236/organic-wild-rocket
178403,Orange Blood Each,N/A,N/A,/shop/productdetails/178403/orange-blood
140729,Woolworths Persimmon Each,$2.90,$2.90 / 1EA,/shop/productdetails/140729/woolworths-persimmon
864344,Macro Organic Mini Cucumber Each,N/A,N/A,/shop/productdetails/864344/macro-organic-mini-cucumber
878644,Woolworths Chilli Habanero 35g,$3.80,$10.86 / 100G,/shop/productdetails/878644/woolworths-chilli-habanero
66613,Melonball Each,N/A,N/A,/shop/productdetails/66613/melon-melonball
332050,Orange Blood 1kg Bag,N/A,N/A,/shop/productdetails/332050/orange-blood
73192,Woolworths Good To Go Seasonal Fruit Salad 200g,$4.50,$22.50 / 1KG,/shop/productdetails/73192/woolworths-good-to-go-seasonal-fruit-salad
948513,Gourmet Garden Paste Italian 80g,$4.00,$5.00 / 100G,/shop/productdetails/948513/gourmet-garden-paste-italian
137567,Feijoa Fresh Each,$1.50,$1.50 / 1EA,/shop/productdetails/137567/feijoa-fresh
285804,Gourmet Garden Zesty Lemon Paste 80g,$4.00,$5.00 / 100G,/shop/productdetails/285804/gourmet-garden-zesty-lemon-paste
515705,Woolworths Fruit Platter 400g,N/A,N/A,/shop/productdetails/515705/woolworths-fruit-platter
135797,Celeriac Fresh Each,N/A,N/A,/shop/productdetails/135797/celeriac-fresh
798100,Gourmet Garden Chilli Lightly Dried 10g Sachet,$4.00,$4.00 / 10G,/shop/productdetails/798100/gourmet-garden-chilli-lightly-dried
73195,Good To Go Fresh Pineapple 200g,N/A,N/A,/shop/productdetails/73195/good-to-go-fresh-pineapple
679543,Grape Cotton Candy 400g,N/A,N/A,/shop/productdetails/679543/grape-cotton-candy
405925,Montague Sparkling Apple Juice 300ml X4 Pack,N/A,N/A,/shop/productdetails/405925/montague-sparkling-apple-juice
132473,Artichoke Globe Large Each,N/A,N/A,/shop/productdetails/132473/artichoke-globe-large
199757,Custard Apple Fresh Each,$4.95,$4.95 / 1EA,/shop/productdetails/199757/custard-apple-fresh
136981,Woolworths Coconut Fresh Each,$4.50,$4.50 / 1EA,/shop/productdetails/136981/woolworths-coconut-fresh
73194,Woolworths Good To Go Seasonal Melon Mix 200g,$4.50,$22.50 / 1KG,/shop/productdetails/73194/woolworths-good-to-go-seasonal-melon-mix
668582,Fresh Silvana Pear 750g,N/A,N/A,/shop/productdetails/668582/pear-fresh-silvana-pear
79173,Macro Organic Lebanese Cucumber 350g,N/A,N/A,/shop/productdetails/79173/macro-organic-lebanese-cucumber
139344,Grape Red Globe Bunch Each,N/A,N/A,/shop/productdetails/139344/grape-red-globe-bunch
125686,Trick Or Treat Mandarins 750g,N/A,N/A,/shop/productdetails/125686/trick-or-treat-mandarins
105931,Fresh Onion White Globe Bunch,N/A,N/A,/shop/productdetails/105931/fresh-onion-white-globe
126907,Bambino Sweet Baby Cabbage 2 Pack,N/A,N/A,/shop/productdetails/126907/bambino-sweet-baby-cabbage
816207,Organic Carrot Dutch Bunch Each,N/A,N/A,/shop/productdetails/816207/organic-carrot-dutch-bunch
114995,Dragonfruit Red Each,N/A,N/A,/shop/productdetails/114995/dragonfruit-red
206173,Grape Sweet Nectar 400g,N/A,N/A,/shop/productdetails/206173/grape-sweet-nectar
73196,Woolworths Mixed Fruit Salad With Passionfruit 200g,$4.50,$22.50 / 1KG,/shop/productdetails/73196/woolworths-mixed-fruit-salad-with-passionfruit
895993,Gold Crown Pineapple Each,N/A,N/A,/shop/productdetails/895993/gold-crown-pineapple
774572,Woolworths Fresh Mango 4 Pack,N/A,N/A,/shop/productdetails/774572/woolworths-fresh-mango
756242,Woolworths Red Seedless Grapes 400g,N/A,N/A,/shop/productdetails/756242/woolworths-red-seedless-grapes
188874,Kiwiberry 125g Punnet,N/A,N/A,/shop/productdetails/188874/seeka-kiwiberry
149473,Tamarillo Red Each,N/A,N/A,/shop/productdetails/149473/tamarillo-red
373999,Fresh Paradise Pear 500g Punnet,N/A,N/A,/shop/productdetails/373999/fresh-paradise-pear
827719,Blackberry Premium 125g,N/A,N/A,/shop/productdetails/827719/blackberry-premium
226568,Dragonfruit White Each,N/A,N/A,/shop/productdetails/226568/dragonfruit-white
880303,Perfection Freshly Cut Watermelon & Mint 220g,N/A,N/A,/shop/productdetails/880303/perfection-freshly-cut-watermelon-mint
404525,Honey Ball Oranges Oranges 1.5kg,N/A,N/A,/shop/productdetails/404525/orange-honey-ball-oranges-oranges
70435,Perfection Fruit Duo Fresh Cut 200g,$4.50,$22.50 / 1KG,/shop/productdetails/70435/perfection-fruit-duo-fresh-cut
237180,Red Cherries 250g,N/A,N/A,/shop/productdetails/237180/red-cherries
237180,Woolworths  Fresh Mini Asparagus Each,N/A,N/A,/shop/productdetails/306648
758307,Zespri Kiwi Fruit Gold 8 Pack,N/A,N/A,/shop/productdetails/758307/zespri-kiwi-fruit-gold
157407,Macro Red Delicious Apple Organic 1kg Punnet,N/A,N/A,/shop/productdetails/157407/macro-red-delicious-apple-organic
144801,Passionfruit Fresh 10 Pack,N/A,N/A,/shop/productdetails/144801/passionfruit-fresh
