253791,Yoplait Strawberry Yoghurt 1kg,$4.50,$0.45 / 100G,/shop/productdetails/253791/yoplait-strawberry-yoghurt
69756,Western Star Original Spreadable 500g,$6.50,$1.30 / 100G,/shop/productdetails/69756/western-star-original-spreadable
374976,Vaalia Kids Probiotic Yoghurt Pouch Banana 140g,$2.40,$1.71 / 100G,/shop/productdetails/374976/vaalia-kids-probiotic-yoghurt-pouch-banana
62968,Yoplait Vanilla Yoghurts 6 Pack,$6.00,$0.63 / 100G,/shop/productdetails/62968/yoplait-vanilla-yoghurts
646706,Yopro Danone High Protein Yoghurt No Added Sugar Strawberry 160g,$3.00,$1.88 / 100G,/shop/productdetails/646706/yopro-danone-high-protein-yoghurt-no-added-sugar-strawberry
867015,Yopro Danone High Protein Yoghurt No Added Sugar Vanilla 700g,$7.50,$1.07 / 100G,/shop/productdetails/867015/yopro-danone-high-protein-yoghurt-no-added-sugar-vanilla
124806,Tamar Valley Dairy Kids Greek Yoghurt Pouch Banana 110g,N/A,N/A,/shop/productdetails/124806/tamar-valley-dairy-kids-greek-yoghurt-pouch-banana
97321,Perfect Italiano Original Ricotta 250g,$4.80,$19.20 / 1KG,/shop/productdetails/97321/perfect-italiano-original-ricotta
663177,Farmers Union Greek Style Yogurt Pouch Real Vanilla Bean 130g,$1.80,$1.38 / 100G,/shop/productdetails/663177/farmers-union-greek-style-yogurt-pouch-real-vanilla-bean
374587,Yoplait Petit Miam Kids Yoghurt Pouch Blueberry 70g,$1.00,$1.43 / 100G,/shop/productdetails/374587/yoplait-petit-miam-kids-yoghurt-pouch-blueberry
955270,Yoplait Petit Miam Kids Yoghurt Pouch Vanilla 70g,$1.00,$1.43 / 100G,/shop/productdetails/955270/yoplait-petit-miam-kids-yoghurt-pouch-vanilla
144000,Pauls Zymil Light Lactose Free Milk 1l,$3.90,$3.90 / 1L,/shop/productdetails/144000/pauls-zymil-light-lactose-free-milk
335284,Pauls Zymil Low Fat Milk 2l,$6.60,$3.30 / 1L,/shop/productdetails/335284/pauls-zymil-low-fat-milk
748944,Macro Honey Soy Tofu 200g,$4.50,$22.50 / 1KG,/shop/productdetails/748944/macro-honey-soy-tofu
768057,Dairy Farmers Thick & Creamy Strawberry Yoghurt 150g,$2.50,$1.67 / 100G,/shop/productdetails/768057/dairy-farmers-thick-creamy-strawberry-yoghurt
83408,Yopro Danone High Protein Yoghurt No Added Sugar Salted Caramel 160g,$3.00,$1.88 / 100G,/shop/productdetails/83408/yopro-danone-high-protein-yoghurt-no-added-sugar-salted-caramel
768096,Dairy Farmers Thick & Creamy Strawberry Yoghurt 600g,$5.00,$0.83 / 100G,/shop/productdetails/768096/dairy-farmers-thick-creamy-strawberry-yoghurt
297764,Yoplait Forme Zero French Vanilla Yoghurt 1kg,$4.50,$0.45 / 100G,/shop/productdetails/297764/yoplait-forme-zero-french-vanilla-yoghurt
124076,Dairy Farmers Thick & Creamy Vanilla Yoghurt 4 Pack,$3.50,$0.80 / 100G,/shop/productdetails/124076/dairy-farmers-thick-creamy-vanilla-yoghurt
622945,Tamar Valley Dairy Greek Style Yoghurt Vanilla Bean 1kg,$8.00,$0.80 / 100G,/shop/productdetails/622945/tamar-valley-dairy-greek-style-yoghurt-vanilla-bean
686460,Dairy Farmers Thick & Creamy Apricot & Vanilla 150g,$1.80,$1.20 / 100G,/shop/productdetails/686460/dairy-farmers-thick-creamy-apricot-vanilla
122681,Dairy Farmers Thick & Creamy Strawberry Yoghurt 4 Pack,$3.50,$0.80 / 100G,/shop/productdetails/122681/dairy-farmers-thick-creamy-strawberry-yoghurt
256106,Yakult Probiotic Drink Light 5x65ml,$4.00,$12.31 / 1L,/shop/productdetails/256106/yakult-probiotic-drink-light
795069,Chobani Raspberry Greek Yogurt Pouch 140g,$2.50,$1.79 / 100G,/shop/productdetails/795069/chobani-raspberry-greek-yogurt-pouch-yoghurt-pouch
794607,Yopro Danone High Protein Yoghurt No Added Sugar Strawberry 150g,$3.00,$2.00 / 100G,/shop/productdetails/794607/yopro-danone-high-protein-yoghurt-no-added-sugar-strawberry
253784,Yoplait Mango Yoghurt 1kg,$4.50,$0.45 / 100G,/shop/productdetails/253784/yoplait-mango-yoghurt
768097,Chobani Blueberry Greek Yogurt Pouch 140g,$2.50,$1.79 / 100G,/shop/productdetails/768097/chobani-blueberry-greek-yogurt-pouch-yoghurt-pouch
794731,Yopro Danone High Protein Yoghurt No Added Sugar Vanilla 150g,$3.00,$2.00 / 100G,/shop/productdetails/794731/yopro-danone-high-protein-yoghurt-no-added-sugar-vanilla
31547,Farmers Union Greek Style Natural Yoghurt 1kg,$6.00,$0.60 / 100G,/shop/productdetails/31547/farmers-union-greek-style-natural-yoghurt
686455,Farmers Union Greek Style Yoghurt Pouch Hint Of Real Mango 130g,$1.80,$1.38 / 100G,/shop/productdetails/686455/farmers-union-greek-style-yoghurt-pouch-hint-of-real-mango
730998,Pauls Zymil Lactose Free Full Cream Long Life Milk 1l,$3.00,$3.00 / 1L,/shop/productdetails/730998/pauls-zymil-lactose-free-full-cream-long-life-milk
28991,Bega Cheese Stringers Peelable Cheese 8 Pack,$6.50,$40.63 / 1KG,/shop/productdetails/28991/bega-cheese-stringers-peelable-cheese
167552,Tamar Valley Dairy Yoghurt Strawberry & Cream 170g,$2.90,$1.71 / 100G,/shop/productdetails/167552/tamar-valley-dairy-yoghurt-strawberry-cream
156293,Yogo Choc Rock Custard Dessert 12x100g,$7.50,$0.63 / 100G,/shop/productdetails/156293/yogo-choc-rock-custard-dessert-dessert
123956,Vaalia Kids Probiotic Yoghurt Pouch Blueberry 140g,$2.40,$1.71 / 100G,/shop/productdetails/123956/vaalia-kids-probiotic-yoghurt-pouch-blueberry
531041,Woolworths Classic Coleslaw 200g,$2.00,$10.00 / 1KG,/shop/productdetails/531041/woolworths-classic-coleslaw
688826,Cocobella Dairy Free Coconut Yoghurt Vanilla 500g,$4.50,$0.90 / 100G,/shop/productdetails/688826/cocobella-dairy-free-coconut-yoghurt-vanilla
768081,Gippsland Dairy Watermelon & Strawberry Twist Yoghurt 160g,$1.50,$0.94 / 100G,/shop/productdetails/768081/gippsland-dairy-watermelon-strawberry-twist-yoghurt
743361,Woolworths Asian Style Salad Kit 350g,$5.50,$15.71 / 1KG,/shop/productdetails/743361/woolworths-asian-style-salad-kit
888140,Woolworths Full Cream Milk 3l,$4.50,$1.50 / 1L,/shop/productdetails/888140/woolworths-full-cream-milk
646685,Yopro Danone High Protein Yoghurt No Added Sugar Mango 160g,$3.00,$1.88 / 100G,/shop/productdetails/646685/yopro-danone-high-protein-yoghurt-no-added-sugar-mango
768123,Chobani Strawberry Greek Yogurt Pouch 140g,$2.50,$1.79 / 100G,/shop/productdetails/768123/chobani-strawberry-greek-yogurt-pouch-greek-yoghurt-pouch
748597,Woolworths Uht Skim Milk 1l,$1.60,$1.60 / 1L,/shop/productdetails/748597/woolworths-uht-skim-milk
751890,Vaalia Kids Probiotic Yoghurt Pouch Lactose Free Strawberry 140g,$2.40,$1.71 / 100G,/shop/productdetails/751890/vaalia-kids-probiotic-yoghurt-pouch-lactose-free-strawberry
777321,Dairy Farmers Thick & Creamy Classic Vanilla Yoghurt 600g,$5.00,$0.83 / 100G,/shop/productdetails/777321/dairy-farmers-thick-creamy-classic-vanilla-yoghurt
689557,Yopro Danone High Protein Yoghurt No Added Sugar Banana 160g,$3.00,$1.88 / 100G,/shop/productdetails/689557/yopro-danone-high-protein-yoghurt-no-added-sugar-banana
125177,Yoplait Petit Miam Kids Yoghurt Pouch Strawberry & Banana 70g,$1.00,$1.43 / 100G,/shop/productdetails/125177/yoplait-petit-miam-kids-yoghurt-pouch-strawberry-banana
777320,Dairy Farmers Thick & Creamy Classic Vanilla Yoghurt 150g,$2.50,$1.67 / 100G,/shop/productdetails/777320/dairy-farmers-thick-creamy-classic-vanilla-yoghurt
312195,Yoplait Petit Miam Kids Yoghurt Pouch Banana 70g,$1.00,$1.43 / 100G,/shop/productdetails/312195/yoplait-petit-miam-kids-yoghurt-pouch-banana
167374,Tamar Valley Dairy Yoghurt Mango & Cream 170g,$2.90,$1.71 / 100G,/shop/productdetails/167374/tamar-valley-dairy-yoghurt-mango-cream-yoghurt-mango-cream
768054,Dairy Farmers Thick & Creamy Mango & Passionfruit Yoghurt 150g,$1.80,$1.20 / 100G,/shop/productdetails/768054/dairy-farmers-thick-creamy-mango-passionfruit-yoghurt
135449,Woolworths Odd Bunch Chopped Spinach 400g,$5.80,$14.50 / 1KG,/shop/productdetails/135449/woolworths-odd-bunch-chopped-spinach
751971,Vaalia Kids Probiotic Yoghurt Pouch Lactose Free Vanilla 140g,$2.40,$1.71 / 100G,/shop/productdetails/751971/vaalia-kids-probiotic-yoghurt-pouch-lactose-free-vanilla
648070,Yopro Danone High Protein Yoghurt No Added Sugar Passionfruit 160g,$3.00,$1.88 / 100G,/shop/productdetails/648070/yopro-danone-high-protein-yoghurt-no-added-sugar-passionfruit
862492,Pauls Bluey Yoghurt Pouch Vanilla 70g,$1.20,$1.71 / 100G,/shop/productdetails/862492/pauls-bluey-yoghurt-pouch-vanilla-vanilla-yellow
146547,Pauls Zymil Lactose Free Low Fat Long Life Milk 1l,$3.00,$3.00 / 1L,/shop/productdetails/146547/pauls-zymil-lactose-free-low-fat-long-life-milk
261178,Pauls Zymil Lactose Free Full Cream Milk 1l,$3.90,$3.90 / 1L,/shop/productdetails/261178/pauls-zymil-lactose-free-full-cream-milk
447755,Woolworths Lettuce Iceberg Blend Lettuce Blend 300g,$3.00,$10.00 / 1KG,/shop/productdetails/447755/woolworths-lettuce-iceberg-blend-lettuce-blend
60598,Yoplait Berry Punnet Mixed Yoghurts 6 Pack,$6.00,$0.63 / 100G,/shop/productdetails/60598/yoplait-berry-punnet-mixed-yoghurts
44934,Vaalia Probiotic Yoghurt French Vanilla 150gx 4 Pack,$4.00,$0.67 / 100G,/shop/productdetails/44934/vaalia-probiotic-yoghurt-french-vanilla
60997,Yoplait Classics Mixed Yoghurts 6 Pack,$6.00,$0.63 / 100G,/shop/productdetails/60997/yoplait-classics-mixed-yoghurts
48720,Woolworths Thickened Cream 600ml,$4.50,$0.75 / 100ML,/shop/productdetails/48720/woolworths-thickened-cream
472302,Farmers Union Greek Style Yogurt Vanilla 950g,$6.00,$0.63 / 100G,/shop/productdetails/472302/farmers-union-greek-style-yogurt-vanilla
31727,Western Star Original Spreadable 375g,$5.50,$1.47 / 100G,/shop/productdetails/31727/western-star-original-spreadable
62933,Yoplait Forme Zero Berry Harvest Yoghurts 6 Pack,$6.00,$0.63 / 100G,/shop/productdetails/62933/yoplait-forme-zero-berry-harvest-yoghurts
785722,Pauls Zymil Lactose Free Full Cream Milk 2l,$6.60,$3.30 / 1L,/shop/productdetails/785722/pauls-zymil-lactose-free-full-cream-milk
622935,Tamar Valley Dairy Greek Style Yoghurt 1kg,$8.00,$0.80 / 100G,/shop/productdetails/622935/tamar-valley-dairy-greek-style-yoghurt-natural
233376,Woolworths Caesar Salad Kit Kit 290g,$5.50,$18.97 / 1KG,/shop/productdetails/233376/woolworths-caesar-salad-kit-kit
795064,Yopro Danone High Protein Yoghurt No Added Sugar Banana 150g,$3.00,$2.00 / 100G,/shop/productdetails/795064/yopro-danone-high-protein-yoghurt-no-added-sugar-banana
922679,Tamar Valley Dairy Greek Style Yoghurt 500g,$4.50,$0.90 / 100G,/shop/productdetails/922679/tamar-valley-dairy-greek-style-yoghurt
323309,Willow Farm Dip Tzatziki 200g,$2.50,$1.25 / 100G,/shop/productdetails/323309/willow-farm-dip-tzatziki
862494,Pauls Kids Yoghurt Pouch Strawberry Princess 70g,$1.20,$1.71 / 100G,/shop/productdetails/862494/pauls-kids-yoghurt-pouch-strawberry-princess
768053,Dairy Farmers Thick & Creamy Lemon Cream Yoghurt 150g,$2.50,$1.67 / 100G,/shop/productdetails/768053/dairy-farmers-thick-creamy-lemon-cream-yoghurt
714823,Woolworths Leafy Mix Salad 200g,$3.00,$15.00 / 1KG,/shop/productdetails/714823/woolworths-leafy-mix-salad
638009,Woolworths Lettuce Iceberg Shredded Lettuce 200g,$2.20,$11.00 / 1KG,/shop/productdetails/638009/woolworths-lettuce-iceberg-shredded-lettuce
105609,Woolworths Sour Cream 300ml,$3.25,$1.08 / 100ML,/shop/productdetails/105609/woolworths-sour-cream
120049,Evergreen Wonton Wrappers 300g,$3.30,$1.10 / 100G,/shop/productdetails/120049/evergreen-wonton-wrappers
193753,Woolworths Crunchy Noodle Coleslaw Kit Coleslaw Kit 520g,$4.50,$8.65 / 1KG,/shop/productdetails/193753/woolworths-crunchy-noodle-coleslaw-kit-coleslaw-kit
19682,Perfect Italiano Original Smooth Ricotta 500g,$6.30,$12.60 / 1KG,/shop/productdetails/19682/perfect-italiano-original-smooth-ricotta
170475,Wicked Sister High Protein Chocolate Pudding 170g,$2.25,$1.32 / 100G,/shop/productdetails/170475/wicked-sister-high-protein-chocolate-pudding
323081,Yumi's Traditional Middle Eastern Hommus Dip 200g,$3.50,$1.75 / 100G,/shop/productdetails/323081/yumi-s-traditional-middle-eastern-hommus-dip
199420,Western Star Supersoft Spreadable 500g,$6.50,$1.30 / 100G,/shop/productdetails/199420/western-star-supersoft-spreadable
794937,Yopro Danone High Protein Yoghurt No Added Sugar Mango 150g,$3.00,$2.00 / 100G,/shop/productdetails/794937/yopro-danone-high-protein-yoghurt-no-added-sugar-mango
706239,Ultimate Danone Double Cream Yoghurt Strawberry 115g X 4 Pack,$4.50,$0.98 / 100G,/shop/productdetails/706239/ultimate-danone-double-cream-yoghurt-strawberry
167330,Tamar Valley The Creamery Greek Style Yoghurt Blueberries & Cream 170g,$2.90,$1.71 / 100G,/shop/productdetails/167330/tamar-valley-the-creamery-greek-style-yoghurt-blueberries-cream
703657,Pauls Zymil Skim Milk 1l,$3.90,$3.90 / 1L,/shop/productdetails/703657/pauls-zymil-skim-milk
123916,Dairy Farmers Thick & Creamy Mango & Passionfruit Yoghurt 4 Pack,$3.50,$0.80 / 100G,/shop/productdetails/123916/dairy-farmers-thick-creamy-mango-passionfruit-yoghurt
167408,Tamar Valley Dairy Yoghurt Peaches & Cream 170g,$2.90,$1.71 / 100G,/shop/productdetails/167408/tamar-valley-dairy-yoghurt-peaches-cream
695086,Macro Classic Tofu Regular 500g,$4.50,$9.00 / 1KG,/shop/productdetails/695086/macro-classic-tofu-regular
744855,Woolworths Fresh Creamy Pumpkin Soup 300g,$3.00,$1.00 / 100G,/shop/productdetails/744855/woolworths-fresh-creamy-pumpkin-soup
331963,Jalna Greek Yoghurt 1kg,$8.30,$0.83 / 100G,/shop/productdetails/331963/jalna-greek-yoghurt
29016,Essentials Table Spread Soft And Spreadable 1kg,$3.50,$0.35 / 100G,/shop/productdetails/29016/essentials-table-spread-soft-and-spreadable
156295,Yogo Chocolate With Mini M&m's Custard Dessert 150g,$3.00,$2.00 / 100G,/shop/productdetails/156295/yogo-chocolate-with-mini-m-m-s-custard-dessert
166947,Vaalia Kids Probiotic Yoghurt Pouch Limited Edition Honeycomb 140g,$2.40,$1.71 / 100G,/shop/productdetails/166947/vaalia-kids-probiotic-yoghurt-pouch-limited-edition-honeycomb
187003,Yopro Danone High Protein Yoghurt No Added Sugar Mixed Berries 150g,$3.00,$2.00 / 100G,/shop/productdetails/187003/yopro-danone-high-protein-yoghurt-no-added-sugar-mixed-berries
862575,Pauls Kids Yoghurt Pouch Strawberry Cars 70g,$1.20,$1.71 / 100G,/shop/productdetails/862575/pauls-kids-yoghurt-pouch-strawberry-cars
779130,Woolworths Soy Milk 1l,$1.15,$1.15 / 1L,/shop/productdetails/779130/woolworths-soy-milk
156294,Yogo Chocolate With Choc Chip Custard Dessert 150g,$3.00,$2.00 / 100G,/shop/productdetails/156294/yogo-chocolate-with-choc-chip-custard-dessert
794967,Yopro Danone High Protein Yoghurt No Added Sugar Passionfruit 150g,$3.00,$2.00 / 100G,/shop/productdetails/794967/yopro-danone-high-protein-yoghurt-no-added-sugar-passionfruit
695986,Chobani Fit Vanilla High Protein Greek Yogurt 170g,$2.70,$1.59 / 100G,/shop/productdetails/695986/chobani-fit-vanilla-high-protein-greek-yogurt
168114,Farmers Union Greek Style Yoghurt Pouch Passionfruit 130g,$1.80,$1.38 / 100G,/shop/productdetails/168114/farmers-union-greek-style-yoghurt-pouch-passionfruit
167289,Yopro Perform High Protein Yoghurt No Added Sugar Mixed Berries 175g,$3.70,$2.11 / 100G,/shop/productdetails/167289/yopro-perform-high-protein-yoghurt-no-added-sugar-mixed-berries
748596,Woolworths Uht Lite Milk 1l,$1.60,$1.60 / 1L,/shop/productdetails/748596/woolworths-uht-lite-milk
753880,Gippsland Dairy Toffee Honeycomb Twist Yoghurt 160g,$1.50,$0.94 / 100G,/shop/productdetails/753880/gippsland-dairy-toffee-honeycomb-twist-yoghurt
805964,Yoplait Petit Miam Mango Pouch 70g,$1.00,$1.43 / 100G,/shop/productdetails/805964/yoplait-petit-miam-mango-pouch
751972,Pauls Custard Pouch Bluey Vanilla 70g,$1.90,$2.71 / 100G,/shop/productdetails/751972/pauls-custard-pouch-bluey-vanilla-custard
42937,Vitasoy Calci Plus Soy Milk 1l,$3.00,$3.00 / 1L,/shop/productdetails/42937/vitasoy-calci-plus-soy-milk
54901,Woolworths Baby Spinach & Kale 300g,$4.50,$15.00 / 1KG,/shop/productdetails/54901/woolworths-baby-spinach-kale
740621,Gippsland Dairy Blueberry Twist Yoghurt 160g,$1.50,$0.94 / 100G,/shop/productdetails/740621/gippsland-dairy-blueberry-twist-yoghurt
515547,Woolworths Thai Salad Kit 315g,$5.50,$1.75 / 100G,/shop/productdetails/515547/woolworths-thai-salad-kit
687630,Chobani Flip Greek Yogurt Cookies & Cream Crunch 140g,$3.50,$2.50 / 100G,/shop/productdetails/687630/chobani-flip-greek-yogurt-cookies-cream-crunch
706265,Activia Danone Probiotic Yoghurt No Added Sugar Vanilla 125g X 4 Pack,$5.75,$1.15 / 100G,/shop/productdetails/706265/activia-danone-probiotic-yoghurt-no-added-sugar-vanilla
689462,Chobani Fit Strawberry High Protein Greek Yogurt 170g,$2.70,$1.59 / 100G,/shop/productdetails/689462/chobani-fit-strawberry-high-protein-greek-yogurt
66313,Yakult Probiotic Drink 5x65ml,$4.00,$12.31 / 1L,/shop/productdetails/66313/yakult-probiotic-drink
151187,Woolworths Probiotic Strawberry Yoghurt Pouch 140g,$1.20,$0.86 / 100G,/shop/productdetails/151187/woolworths-probiotic-strawberry-yoghurt-pouch
88186,Macro Plain Tempeh 300g,$5.00,$16.67 / 1KG,/shop/productdetails/88186/macro-plain-tempeh
768112,Dairy Farmers Thick & Creamy Yellow Box Honey Yoghurt 150g,$2.50,$1.67 / 100G,/shop/productdetails/768112/dairy-farmers-thick-creamy-yellow-box-honey-yoghurt
705436,Woolworths Kaleslaw Kit 350g,$5.50,$15.71 / 1KG,/shop/productdetails/705436/woolworths-kaleslaw-kit
741994,Ultimate Danone Double Cream Yoghurt Honey 115g X 4 Pack,$4.50,$0.98 / 100G,/shop/productdetails/741994/ultimate-danone-double-cream-yoghurt-honey
249730,Vegie Delights Plant Based Vegie Sausages 300g,$7.50,$25.00 / 1KG,/shop/productdetails/249730/vegie-delights-plant-based-vegie-sausages
170038,Jalna Pouch Of Purity Strawberry Yoghurt 100g,N/A,N/A,/shop/productdetails/170038/jalna-pouch-of-purity-strawberry-yoghurt
768121,Dairy Farmers Thick & Creamy Caramelised Fig Yoghurt 150g,$2.50,$1.67 / 100G,/shop/productdetails/768121/dairy-farmers-thick-creamy-caramelised-fig-yoghurt
124844,Yoplait Petit Miam Kids Yoghurt Pouch Vanilla & Apple 70g,$1.00,$1.43 / 100G,/shop/productdetails/124844/yoplait-petit-miam-kids-yoghurt-pouch-vanilla-apple
175905,Woolworths 12 Extra Large Free Range Eggs 700g,N/A,N/A,/shop/productdetails/175905/woolworths-12-extra-large-free-range-eggs
744840,Woolworths Fresh Chicken & Corn Soup Asian Style 300g,$3.00,$1.00 / 100G,/shop/productdetails/744840/woolworths-fresh-chicken-corn-soup-asian-style
926531,Chobani Vanilla Greek Yogurt Pouch 140g,$2.50,$1.79 / 100G,/shop/productdetails/926531/chobani-vanilla-greek-yogurt-pouch-yoghurt-pouch
491820,Hillview Tasty Shredded Cheese 700g,$10.00,$14.29 / 1KG,/shop/productdetails/491820/hillview-tasty-shredded-cheese
24318,Sanitarium So Good Long Life Regular Soy Milk 1l,$2.20,$2.20 / 1L,/shop/productdetails/24318/sanitarium-so-good-long-life-regular-soy-milk
687605,Chobani Flip Greek Yogurt Strawberry Shortcake 140g,$3.50,$2.50 / 100G,/shop/productdetails/687605/chobani-flip-greek-yogurt-strawberry-shortcake
297767,Yoplait Forme Zero Strawberry Yoghurt 1kg,$4.50,$0.45 / 100G,/shop/productdetails/297767/yoplait-forme-zero-strawberry-yoghurt
686250,Yopro Danone High Protein Yoghurt No Added Sugar Strawberry 700g,$7.50,$1.07 / 100G,/shop/productdetails/686250/yopro-danone-high-protein-yoghurt-no-added-sugar-strawberry
877065,Jalna Natural Greek Yoghurt 170g,$2.40,$1.41 / 100G,/shop/productdetails/877065/jalna-natural-greek-yoghurt
279766,Jalna Greek Yoghurt 2kg,$12.40,$0.62 / 100G,/shop/productdetails/279766/jalna-greek-yoghurt
64025,Brownes Wiggles Strawberry Pouch Lactose Free 90g,$1.10,$1.22 / 100G,/shop/productdetails/64025/brownes-dairy-wiggles-strawberry-pouch-lactose-free
862495,Siggi's Yoghurt Raspberry 125g,$1.25,$1.00 / 100G,/shop/productdetails/862495/siggi-s-yoghurt-raspberry-raspberry
888137,Woolworths Full Cream Milk 2l,$3.10,$1.55 / 1L,/shop/productdetails/888137/woolworths-full-cream-milk
706273,Activia Danone Probiotic Yoghurt No Added Sugar Strawberry 125g X 4 Pack,$5.75,$1.15 / 100G,/shop/productdetails/706273/activia-danone-probiotic-yoghurt-no-added-sugar-strawberry
156241,Vaalia Probiotic Yoghurt Luscious Berries 900g,$7.00,$0.78 / 100G,/shop/productdetails/156241/vaalia-probiotic-yoghurt-luscious-berries
167433,Yopro Perform High Protein Yoghurt Mango Passionfuit 175g,$3.70,$2.11 / 100G,/shop/productdetails/167433/yopro-perform-high-protein-yoghurt-mango-passionfuit
477605,Pauls Zymil Thickened Cream Lactose Free 300ml,$4.00,$1.33 / 100ML,/shop/productdetails/477605/pauls-zymil-thickened-cream-lactose-free
279902,Pauls Strawberry Vanilla & Banana Kids Yoghurt Bluey 95gx 12 Pack,$7.00,$0.61 / 100G,/shop/productdetails/279902/pauls-strawberry-vanilla-banana-kids-yoghurt-bluey
125900,Yoplait Forme Zero Classics Yoghurt 6 Pack,$6.00,$0.63 / 100G,/shop/productdetails/125900/yoplait-forme-zero-classics-yoghurt
315670,Woolworths Fine Cut Coleslaw Coleslaw 300g,$3.00,$10.00 / 1KG,/shop/productdetails/315670/woolworths-fine-cut-coleslaw-coleslaw
799811,Woolworths Free From Lactose Full Cream Milk 1l,$2.00,$2.00 / 1L,/shop/productdetails/799811/woolworths-free-from-lactose-full-cream-milk
169531,Wicked Sister High Protein Banana Pudding 170g,$2.25,$1.32 / 100G,/shop/productdetails/169531/wicked-sister-high-protein-banana-pudding
412367,Woolworths Potato & Leek Soup 300g,$3.00,$1.00 / 100G,/shop/productdetails/412367/woolworths-potato-leek-soup
124190,Gippsland Dairy Strawberry Waffle Yoghurt 140g,$1.92,$1.37 / 100G,/shop/productdetails/124190/gippsland-dairy-strawberry-waffle-yoghurt
689463,Chobani Fit Passion Fruit High Protein Greek Yogurt 170g,$2.70,$1.59 / 100G,/shop/productdetails/689463/chobani-fit-passion-fruit-high-protein-greek-yogurt
186982,Yopro Danone High Protein Yoghurt No Added Sugar Salted Caramel 150g,$3.00,$2.00 / 100G,/shop/productdetails/186982/yopro-danone-high-protein-yoghurt-no-added-sugar-salted-caramel
687839,Rafferty's Garden Baby Food No Added Sugar Strawberry Yoghurt 6+ Months 70g,$1.30,$1.86 / 100G,/shop/productdetails/687839/rafferty-s-garden-baby-food-no-added-sugar-strawberry-yoghurt-6-months
729026,Woolworths Tasty Shredded Cheese 500g,$7.70,$15.40 / 1KG,/shop/productdetails/729026/woolworths-tasty-shredded-cheese
740596,Gippsland Dairy Mango & Blood Orange Twist Yoghurt 160g,$1.50,$0.94 / 100G,/shop/productdetails/740596/gippsland-dairy-mango-blood-orange-twist-yoghurt
159626,Woolworths Greek Salad Kit 270g,$6.00,$22.22 / 1KG,/shop/productdetails/159626/woolworths-greek-salad-kit
531194,Yumi's Zucchini & Lentil Bites 225g,$6.00,$26.67 / 1KG,/shop/productdetails/531194/yumi-s-zucchini-lentil-bites
703500,Chris' Dips Tzatziki 200g,$4.50,$2.25 / 100G,/shop/productdetails/703500/chris-dips-tzatziki
687826,Gippsland Dairy Passionfruit Twist Yoghurt 160g,$1.50,$0.94 / 100G,/shop/productdetails/687826/gippsland-dairy-passionfruit-twist-yoghurt
744854,Woolworths Chicken & Vegetable Soup Low Fat 300g,$3.00,$1.00 / 100G,/shop/productdetails/744854/woolworths-chicken-vegetable-soup-low-fat
689539,Chobani Fit Strawberry High Protein Greek Yogurt Pouch 140g,$2.70,$1.93 / 100G,/shop/productdetails/689539/chobani-fit-strawberry-high-protein-greek-yogurt-pouch
623659,Nestle Milo Energy Dairy Snack 150g,$2.50,$1.67 / 100G,/shop/productdetails/623659/nestle-milo-energy-dairy-snack-snack-pouch
751963,Pauls Custard Pouch Bluey Chocolate 70g,$1.90,$2.71 / 100G,/shop/productdetails/751963/pauls-custard-pouch-bluey-chocolate-custard
242768,Vaalia Kids Yoghurt Pouch Limited Edition Watermelon Flavour 140g,$2.40,$1.71 / 100G,/shop/productdetails/242768/vaalia-kids-yoghurt-pouch-limited-edition-watermelon-flavour
48025,Western Star Original Butter Block 250g,$3.80,$1.52 / 100G,/shop/productdetails/48025/western-star-original-butter-block
124477,Gippsland Dairy Cookies & Cream Yoghurt 140g,$1.92,$1.37 / 100G,/shop/productdetails/124477/gippsland-dairy-cookies-cream-yoghurt
83841,Vaalia Kids Probiotic Yoghurt Pouch Lactose Free Blueberry 140g,$2.40,$1.71 / 100G,/shop/productdetails/83841/vaalia-kids-probiotic-yoghurt-pouch-lactose-free-blueberry
44317,Woolworths Thickened Cream 300ml,$2.80,$0.93 / 100ML,/shop/productdetails/44317/woolworths-thickened-cream
310675,Vitasoy Oat Milk 1l,$3.30,$3.30 / 1L,/shop/productdetails/310675/vitasoy-oat-milk
421118,Woolworths Fresh Chicken Noodle Soup 300g,$3.00,$1.00 / 100G,/shop/productdetails/421118/woolworths-fresh-chicken-noodle-soup
339939,Yumi's Traditional Middle Eastern Hommus Dip 1kg,$7.50,$0.75 / 100G,/shop/productdetails/339939/yumi-s-traditional-middle-eastern-hommus-dip
546844,Woolworths Creamy Potato Salad 250g,$3.80,$1.52 / 100G,/shop/productdetails/546844/woolworths-creamy-potato-salad
702156,Woolworths Rainbow Coleslaw 300g,$3.00,$10.00 / 1KG,/shop/productdetails/702156/woolworths-rainbow-coleslaw
62864,Siggi's Yoghurt Pouch Raspberry 150g,$1.25,$0.83 / 100G,/shop/productdetails/62864/siggi-s-yoghurt-pouch-raspberry-raspberry
706275,Ultimate Danone Double Cream Yoghurt Blueberry 115g X 4 Pack,N/A,N/A,/shop/productdetails/706275/ultimate-danone-double-cream-yoghurt-blueberry
123959,Gippsland Dairy Choc Fudge Honeycomb Yoghurt 140g,$1.92,$1.37 / 100G,/shop/productdetails/123959/gippsland-dairy-choc-fudge-honeycomb-yoghurt
168072,Yogo Choc Flavoured Custard Pouch 120g,$1.50,$1.25 / 100G,/shop/productdetails/168072/yogo-choc-flavoured-custard-pouch
663179,Farmers Union Greek Style Yogurt Pouch Natural 130g,$1.80,$1.38 / 100G,/shop/productdetails/663179/farmers-union-greek-style-yogurt-pouch-natural
56534,Woolworths Green Goodness Salad Bowl 240g,$6.50,$27.08 / 1KG,/shop/productdetails/56534/woolworths-green-goodness-salad-bowl-salad-bowl
178437,Jalna Premium Vanilla Yoghurt 1kg,$8.30,$0.83 / 100G,/shop/productdetails/178437/jalna-premium-vanilla-yoghurt
717518,Chobani Greek Yogurt Natural Light Plain 907g,$6.30,$0.69 / 100G,/shop/productdetails/717518/chobani-greek-yogurt-natural-light-plain
62883,Siggi's Yoghurt Pouch Vanilla 150g,$1.25,$0.83 / 100G,/shop/productdetails/62883/siggi-s-yoghurt-pouch-vanilla-vanilla
75073,Vaalia Probiotic Yoghurt Passionfruit 150gx 4 Pack,$4.00,$0.67 / 100G,/shop/productdetails/75073/vaalia-probiotic-yoghurt-passionfruit-yoghurt
230157,Vitasoy Greek Style Soy Yogurt Hint Of Strawberry 140g,$2.70,$1.93 / 100G,/shop/productdetails/230157/vitasoy-greek-style-soy-yogurt-hint-of-strawberry
706257,Ultimate Danone Double Cream Yoghurt Black Cherry 115g X 4 Pack,$4.50,$0.98 / 100G,/shop/productdetails/706257/ultimate-danone-double-cream-yoghurt-black-cherry
85308,Siggi's Yoghurt Strawberry 150g,$1.25,$0.83 / 100G,/shop/productdetails/85308/siggi-s-yoghurt-strawberry
642106,Woolworths Chicken Caesar Salad Bowl 180g,$6.00,$40.00 / 1KG,/shop/productdetails/642106/woolworths-chicken-caesar-salad-bowl-caesar-bowl
204746,Pauls Smarter White Milk 2l,$4.75,$2.38 / 1L,/shop/productdetails/204746/pauls-smarter-white-milk
888139,Woolworths Lite Milk 2l,$3.10,$1.55 / 1L,/shop/productdetails/888139/woolworths-lite-milk
205522,Yopro Danone High Protein Yoghurt Strawberry Watermelon 160g,$3.00,$1.88 / 100G,/shop/productdetails/205522/yopro-danone-high-protein-yoghurt-strawberry-watermelon
170294,Jalna Pouch Of Purity Vanilla Yoghurt 100g,N/A,N/A,/shop/productdetails/170294/jalna-pouch-of-purity-vanilla-yoghurt
113025,Pauls Zymil Skim Uht Milk 1l,$3.00,$3.00 / 1L,/shop/productdetails/113025/pauls-zymil-skim-uht-milk
79005,Essentials Garlic Bread 450g,$2.30,$0.51 / 100G,/shop/productdetails/79005/essentials-garlic-bread
706254,Activia Danone Probiotic Yoghurt No Added Sugar Berries 125g X 4 Pack,$5.75,$1.15 / 100G,/shop/productdetails/706254/activia-danone-probiotic-yoghurt-no-added-sugar-berries
63923,Brownes Wiggles Blueberry Pouch Lactose Free 90g,$1.10,$1.22 / 100G,/shop/productdetails/63923/brownes-dairy-wiggles-blueberry-pouch-lactose-free
312179,Yoplait Petit Miam Fruit Salad 70g,$1.00,$1.43 / 100G,/shop/productdetails/312179/yoplait-petit-miam-fruit-salad
768000,Dairy Farmers Thick & Creamy Blueberry Yoghurt 150g,$2.50,$1.67 / 100G,/shop/productdetails/768000/dairy-farmers-thick-creamy-blueberry-yoghurt
688962,Essentials Unsalted Butter 500g,$6.40,$1.28 / 100G,/shop/productdetails/688962/essentials-unsalted-butter
167119,Yopro Perform High Protein Yoghurt No Added Sugar Key Lime 175g,$3.70,$2.11 / 100G,/shop/productdetails/167119/yopro-perform-high-protein-yoghurt-no-added-sugar-key-lime
77170,Sunny Queen 12 Extra Large Free Range Eggs 700g,$7.20,$1.03 / 100G,/shop/productdetails/77170/sunny-queen-12-extra-large-free-range-eggs
212841,Vitasoy Soy Milky Lite 1l,$2.45,$2.45 / 1L,/shop/productdetails/212841/vitasoy-soy-milky-lite
375537,Five:am Organic Vanilla Bean Yoghurt 170g,$3.00,$1.76 / 100G,/shop/productdetails/375537/five-am-organic-vanilla-bean-yoghurt
583615,Woolworths Cook Roast Mixed Vegetables With Garlic & Rosemary 500g,$5.50,$11.00 / 1KG,/shop/productdetails/583615/woolworths-cook-roast-mixed-vegetables-with-garlic-rosemary
199418,Western Star Spreadable Supersoft 375g,$5.50,$1.47 / 100G,/shop/productdetails/199418/western-star-spreadable-supersoft
84918,Pauls Kids Yoghurt Pouch Limited Edition Birthday Cake Flavour 70g,$1.20,$1.71 / 100G,/shop/productdetails/84918/pauls-kids-yoghurt-pouch-limited-edition-birthday-cake-flavour
41287,Western Star Original Butter Block 500g,$7.50,$1.50 / 100G,/shop/productdetails/41287/western-star-original-butter-block
687837,Rafferty's Garden Baby Food Pouch Natural Plain Yoghurt 6+ Months 70g,$1.30,$1.86 / 100G,/shop/productdetails/687837/rafferty-s-garden-baby-food-pouch-natural-plain-yoghurt-6-months
169160,Woolworths Caesar Salad Kit Tub 250g,N/A,N/A,/shop/productdetails/169160/woolworths-caesar-salad-kit-tub
553016,Cocobella Dairy Free Coconut Yoghurt Natural 500g,$4.50,$0.90 / 100G,/shop/productdetails/553016/cocobella-dairy-free-coconut-yoghurt-natural
197074,Vaalia Probiotic Yoghurt Lemon Creme 150gx 4 Pack,$4.00,$0.67 / 100G,/shop/productdetails/197074/vaalia-probiotic-yoghurt-lemon-creme-yoghurt
862516,Siggi's Yoghurt Mixed Berry 125g,$1.25,$1.00 / 100G,/shop/productdetails/862516/siggi-s-yoghurt-mixed-berry-mixed-berry
124189,Gippsland Dairy Passionfruit Pavlova Yoghurt 140g,$1.92,$1.37 / 100G,/shop/productdetails/124189/gippsland-dairy-passionfruit-pavlova-yoghurt
69759,Western Star Soft 'n' Less Salt Spreadable 500g,$6.50,$1.30 / 100G,/shop/productdetails/69759/western-star-soft-n-less-salt-spreadable
168057,Chobani Mango Greek Yogurt Pouch 140g,$2.50,$1.79 / 100G,/shop/productdetails/168057/chobani-mango-greek-yogurt-pouch
205663,Woolworths Light Sour Cream 300ml,$3.25,$1.08 / 100ML,/shop/productdetails/205663/woolworths-light-sour-cream
44499,Vaalia Probiotic Yoghurt Natural 900g,$7.00,$0.78 / 100G,/shop/productdetails/44499/vaalia-probiotic-yoghurt-natural-yoghurt
212840,Vitasoy Soy Milky Regular 1l,$2.45,$2.45 / 1L,/shop/productdetails/212840/vitasoy-soy-milky-regular
169923,Chobani Fit Raspberry High Protein Greek Yogurt Pouch 140g,$2.70,$1.93 / 100G,/shop/productdetails/169923/chobani-fit-raspberry-high-protein-greek-yogurt-pouch
793192,Woolworths Creamy Pasta Salad 800g,$7.00,$0.88 / 100G,/shop/productdetails/793192/woolworths-creamy-pasta-salad
687796,Rafferty's Garden Baby Food No Added Sugar Banana Yoghurt 6+ Months 70g,$1.30,$1.86 / 100G,/shop/productdetails/687796/rafferty-s-garden-baby-food-no-added-sugar-banana-yoghurt-6-months
109519,Woolworths Tabbouleh With Mixed Grain Salad 350g,$5.80,$1.66 / 100G,/shop/productdetails/109519/woolworths-tabbouleh-with-mixed-grain-salad
60158,Yoplait Forme Zero Tropical Paradise Yoghurts 6 Pack,$6.00,$0.63 / 100G,/shop/productdetails/60158/yoplait-forme-zero-tropical-paradise-yoghurts
778327,Woolworths Fresh Pea & Ham Soup 300g,$3.00,$1.00 / 100G,/shop/productdetails/778327/woolworths-fresh-pea-ham-soup
706267,Activia Danone Probiotic Yoghurt No Added Sugar Mango 125g X 4 Pack,$5.75,$1.15 / 100G,/shop/productdetails/706267/activia-danone-probiotic-yoghurt-no-added-sugar-mango
169387,Jalna Pouch Of Purity Blueberry Yoghurt 100g,$1.50,$1.50 / 100G,/shop/productdetails/169387/jalna-pouch-of-purity-blueberry-yoghurt
48650,Essentials Salted Butter 500g,$6.40,$1.28 / 100G,/shop/productdetails/48650/essentials-salted-butter
862520,Siggi's Yoghurt Black Cherry 125g,$1.25,$1.00 / 100G,/shop/productdetails/862520/siggi-s-yoghurt-black-cherry
56731,Bonsoy Long Life Soy Milk 1l,$4.80,$4.80 / 1L,/shop/productdetails/56731/bonsoy-long-life-soy-milk
232038,Vitasoy Greek Style Soy Yogurt Hint Of Mango & Passionfruit 140g,$2.70,$1.93 / 100G,/shop/productdetails/232038/vitasoy-greek-style-soy-yogurt-hint-of-mango-passionfruit
224941,Woolworths Tasty Cheese Slices 500g,$8.60,$17.20 / 1KG,/shop/productdetails/224941/woolworths-tasty-cheese-slices
611904,Chobani Flip Greek Yogurt Mint Choc Chip 140g,$3.50,$2.50 / 100G,/shop/productdetails/611904/chobani-flip-greek-yogurt-mint-choc-chip
793013,Wicked Sister Vanilla Bean Rice Pudding 2x170g,$4.40,$1.29 / 100G,/shop/productdetails/793013/wicked-sister-vanilla-bean-rice-pudding
93530,Essentials Table Spread Soft And Spreadable 500g,$2.30,$0.46 / 100G,/shop/productdetails/93530/essentials-table-spread-soft-and-spreadable
888141,Woolworths Lite Milk 3l,$4.50,$1.50 / 1L,/shop/productdetails/888141/woolworths-lite-milk
686218,Yopro Danone High Protein Yoghurt No Added Sugar Plain 700g,$7.50,$1.07 / 100G,/shop/productdetails/686218/yopro-danone-high-protein-yoghurt-no-added-sugar-plain
325134,Essentials Parmesan Cheese 100g,$2.00,$20.00 / 1KG,/shop/productdetails/325134/essentials-parmesan-cheese
618616,Leggos Fresh Veal Tortellini 630g,$9.00,$1.43 / 100G,/shop/productdetails/618616/leggo-s-fresh-veal-tortellini
703808,Woolworths Beetroot & Feta Salad Kit 270g,$6.00,$22.22 / 1KG,/shop/productdetails/703808/woolworths-beetroot-feta-salad-kit-salad-kit
258854,Yumi's Sweet Potato & Cashews Dip 200g,$3.50,$1.75 / 100G,/shop/productdetails/258854/yumi-s-sweet-potato-cashews-dip
205064,Yopro Perform High Protein Yoghurt No Added Sugar Strawberry 175g,$3.70,$2.11 / 100G,/shop/productdetails/205064/yopro-perform-high-protein-yoghurt-no-added-sugar-strawberry
244468,Wicked Sister High Protein Strawberry Pudding 170g,$2.25,$1.32 / 100G,/shop/productdetails/244468/wicked-sister-high-protein-strawberry-pudding
56533,Woolworths Chicken Buffalo Salad Bowl 180g,$6.50,$36.11 / 1KG,/shop/productdetails/56533/woolworths-chicken-buffalo-salad-bowl-salad-bowl
167430,Tamar Valley Dairy Yoghurt Mango & Cream 700g,$7.50,$1.07 / 100G,/shop/productdetails/167430/tamar-valley-dairy-yoghurt-mango-cream-yoghurt-mango-cream
312213,Farmers Union Natural Greek Style Yogurt 200g,$2.50,$1.25 / 100G,/shop/productdetails/312213/farmers-union-natural-greek-style-yogurt
546845,Woolworths Creamy Pasta Salad 250g,$3.80,$1.52 / 100G,/shop/productdetails/546845/woolworths-creamy-pasta-salad
768154,Jalna Sweet & Creamy Greek Yoghurt 1kg,$8.30,$0.83 / 100G,/shop/productdetails/768154/jalna-sweet-creamy-greek-yoghurt
123958,Gippsland Dairy Apple Pie Yoghurt 140g,$1.92,$1.37 / 100G,/shop/productdetails/123958/gippsland-dairy-apple-pie-yoghurt
847873,Woolworths Lettuce Butter 170g,$4.00,$23.53 / 1KG,/shop/productdetails/847873/woolworths-lettuce-butter
345092,Yumi's Original Falafel Balls 225g,$5.55,$24.67 / 1KG,/shop/productdetails/345092/yumi-s-original-falafel-balls
216825,Vitasoy So Milky Soy Milk 1l,$2.85,$2.85 / 1L,/shop/productdetails/216825/vitasoy-so-milky-soy-milk
167328,Tamar Valley Dairy Yoghurt Strawberry & Cream 700g,$7.50,$1.07 / 100G,/shop/productdetails/167328/tamar-valley-dairy-yoghurt-strawberry-cream
169767,Chobani Fit Tropical High Protein Greek Yogurt 170g,$2.70,$1.59 / 100G,/shop/productdetails/169767/chobani-fit-tropical-high-protein-greek-yogurt
153336,Yumi's Pumpkin & Spinach Bites 225g,$6.00,$26.67 / 1KG,/shop/productdetails/153336/yumi-s-pumpkin-spinach-bites
155909,Pauls Zymil Milk 3l,$8.90,$2.97 / 1L,/shop/productdetails/155909/pauls-zymil-milk
35617,Vitasoy Original Soy Milk 1l,$3.00,$3.00 / 1L,/shop/productdetails/35617/vitasoy-original-soy-milk
862577,Pauls Kids Yoghurt Pouch Banana The Lion King 70g,$1.20,$1.71 / 100G,/shop/productdetails/862577/pauls-kids-yoghurt-pouch-banana-the-lion-king
79405,Woolworths Chunky Vegetable Soup 300g,$3.00,$1.00 / 100G,/shop/productdetails/79405/woolworths-chunky-vegetable-soup
296507,Woolworths Cream Cheese 250g,$3.10,$12.40 / 1KG,/shop/productdetails/296507/woolworths-cream-cheese
790041,Farmers Union Greek Yogurt 4 Pack,$5.50,$0.86 / 100G,/shop/productdetails/790041/farmers-union-greek-yogurt
500187,Hillview Cheese Block 1kg,$11.00,$11.00 / 1KG,/shop/productdetails/500187/hillview-cheese-block
54264,Latina Fresh Veal Tortellini Pasta 625g,$8.50,$1.36 / 100G,/shop/productdetails/54264/latina-fresh-veal-tortellini-pasta
768042,Dairy Farmers Thick & Creamy Mango & Passionfruit Yoghurt 600g,$5.00,$0.83 / 100G,/shop/productdetails/768042/dairy-farmers-thick-creamy-mango-passionfruit-yoghurt
923883,Obela Tzatziki Dip Classic 220g,$4.00,$1.82 / 100G,/shop/productdetails/923883/obela-tzatziki-dip-classic
167310,Tamar Valley Dairy Yoghurt Blueberry & Cream 700g,$7.50,$1.07 / 100G,/shop/productdetails/167310/tamar-valley-dairy-yoghurt-blueberry-cream
756110,Liddells Lactose Free Yoghurt Strawberry 140g X 4 Pack,$6.20,$1.11 / 100G,/shop/productdetails/756110/liddells-lactose-free-yoghurt-strawberry
324515,Woolworths Natural Greek Style Yoghurt 500g,$3.30,$0.66 / 100G,/shop/productdetails/324515/woolworths-natural-greek-style-yoghurt
705258,Pauls Buzz Lightyear Yoghurt Pouch Vanilla 70g,$1.20,$1.71 / 100G,/shop/productdetails/705258/pauls-buzz-lightyear-yoghurt-pouch-vanilla
33557,Devondale 100% Pure Full Cream Long Life Milk 1l,$2.20,$2.20 / 1L,/shop/productdetails/33557/devondale-100-pure-full-cream-long-life-milk
531709,Yumi's Avocado Dip 200g,$3.50,$1.75 / 100G,/shop/productdetails/531709/yumi-s-avocado-dip
688827,Cocobella Dairy Free Coconut Yoghurt Passionfruit 500g,$4.50,$0.90 / 100G,/shop/productdetails/688827/cocobella-dairy-free-coconut-yoghurt-passionfruit
344206,Supreme Foods Roti Mini Chilled Meal 125g,$3.55,$2.84 / 100G,/shop/productdetails/344206/supreme-foods-roti-mini-chilled-meal
463018,Jalna Sweet & Creamy Yoghurt Strawberry 1kg,$8.30,$0.83 / 100G,/shop/productdetails/463018/jalna-sweet-creamy-yoghurt-strawberry
663734,The Salad Servers Turmeric Cauliflower & Cranberry Salad 300g,$6.95,$2.32 / 100G,/shop/productdetails/663734/the-salad-servers-turmeric-cauliflower-cranberry-salad
312204,Farmers Union Light Greek Yoghurt 1kg,$6.00,$0.60 / 100G,/shop/productdetails/312204/farmers-union-light-greek-yoghurt
771258,Rokeby Farms Protein Smoothie Dutch Chocolate 425ml,$4.65,$10.94 / 1L,/shop/productdetails/771258/rokeby-farms-protein-smoothie-dutch-chocolate
793015,Wicked Sister Vanilla Bean Creme Caramel 2x150g,$4.40,$1.47 / 100G,/shop/productdetails/793015/wicked-sister-vanilla-bean-creme-caramel
346623,Bega Stringers Cheddar Cheese 8 Pack,$6.50,$40.63 / 1KG,/shop/productdetails/346623/bega-stringers-cheddar-cheese
204716,Yopro Danone High Protein Yoghurt No Added Sugar Salted Caramel 700g,$7.50,$1.07 / 100G,/shop/productdetails/204716/yopro-danone-high-protein-yoghurt-no-added-sugar-salted-caramel
728983,Woolworths Mozzarella Shredded Cheese 500g,$7.70,$15.40 / 1KG,/shop/productdetails/728983/woolworths-mozzarella-shredded-cheese
535631,Gippsland Dairy Boysenberry Twist Yoghurt 160g,$1.50,$0.94 / 100G,/shop/productdetails/535631/gippsland-dairy-boysenberry-twist-yoghurt
169403,Ultimate Danone Double Cream Yoghurt Mango 115g X 4 Pack,$4.50,$0.98 / 100G,/shop/productdetails/169403/ultimate-danone-double-cream-yoghurt-mango
83114,Vitasoy Soy & Protein Unsweetened Milk 1l,$3.60,$3.60 / 1L,/shop/productdetails/83114/vitasoy-soy-protein-unsweetened-milk
611808,Chobani Flip Greek Yogurt Key Lime Crumble 140g,$3.50,$2.50 / 100G,/shop/productdetails/611808/chobani-flip-greek-yogurt-key-lime-crumble
86332,Cocobella Dairy Free Coconut Yoghurt Vanilla 900g,$8.50,$0.94 / 100G,/shop/productdetails/86332/cocobella-dairy-free-coconut-yoghurt-vanilla
793189,Woolworths Creamy Potato Salad 800g,$7.00,$0.88 / 100G,/shop/productdetails/793189/woolworths-creamy-potato-salad
799813,Woolworths Free From Lactose Lite Milk 1l,$2.00,$2.00 / 1L,/shop/productdetails/799813/woolworths-free-from-lactose-lite-milk
28226,Chan's Yum Cha Vegan Spring Roll 300g,$5.50,$1.83 / 100G,/shop/productdetails/28226/chan-s-yum-cha-vegan-spring-roll
548220,Pauls Custard Pouch Bluey Strawberry 70g,$1.90,$2.71 / 100G,/shop/productdetails/548220/pauls-custard-pouch-bluey-strawberry-strawberry
85089,Siggi's Yoghurt Vanilla 500g,$4.50,$0.90 / 100G,/shop/productdetails/85089/siggi-s-yoghurt-vanilla
148781,Vitasoy Oat Milky Uht Milk 1l,$3.00,$3.00 / 1L,/shop/productdetails/148781/vitasoy-oat-milky-uht-milk
54899,Woolworths Family Coleslaw 500g,$4.50,$9.00 / 1KG,/shop/productdetails/54899/woolworths-family-coleslaw
95502,Bulla Premium Sour Cream 200ml,$3.70,$1.85 / 100ML,/shop/productdetails/95502/bulla-premium-sour-cream
862488,Siggi's 4% Fat Yoghurt Vanilla 125g,$1.25,$1.00 / 100G,/shop/productdetails/862488/siggi-s-4-fat-yoghurt-vanilla
712251,Western Star Unsalted Butter Chef's Choice 500g,$7.50,$1.50 / 100G,/shop/productdetails/712251/western-star-unsalted-butter-chef-s-choice
88436,Dairy Farmers Full Cream Milk 2l,$4.10,$2.05 / 1L,/shop/productdetails/88436/dairy-farmers-full-cream-milk-full-cream-milk
768039,Dairy Farmers Thick & Creamy Yoghurt Lemon Cream 600g,$5.00,$0.83 / 100G,/shop/productdetails/768039/dairy-farmers-thick-creamy-yoghurt-lemon-cream
921080,Just Veg. Carrot Sticks 300g,N/A,N/A,/shop/productdetails/921080/just-veg-carrot-sticks
230622,Vitasoy Greek Style Soy Yogurt Hint Of Vanilla 140g,$2.70,$1.93 / 100G,/shop/productdetails/230622/vitasoy-greek-style-soy-yogurt-hint-of-vanilla
63584,Primo Stackers Mild Salami Cheese And Crackers 50g,$4.25,$85.00 / 1KG,/shop/productdetails/63584/primo-stackers-mild-salami-cheese-and-crackers
348705,Woolworths Swiss Cheese Slices 200g,$5.00,$25.00 / 1KG,/shop/productdetails/348705/woolworths-swiss-cheese-slices
86817,Woolworths High Protein Plain Yoghurt 900g,$6.50,$0.72 / 100G,/shop/productdetails/86817/woolworths-high-protein-plain-yoghurt
92953,Pace Farm 12 Extra Large Free Range Eggs 700g,$7.15,$1.02 / 100G,/shop/productdetails/92953/pace-farm-12-extra-large-free-range-eggs
926885,Vitasoy Almond Milk Unsweetened 1l,$3.30,$3.30 / 1L,/shop/productdetails/926885/vitasoy-almond-milk-unsweetened
81500,Yumi's Mini Hommus 65g X3 Pack,$3.50,$1.79 / 100G,/shop/productdetails/81500/yumi-s-mini-hommus
153060,V2 Plant Based Mince 400g,$7.50,$18.75 / 1KG,/shop/productdetails/153060/v2-plant-based-mince
224659,Western Star Chef's Choice Unsalted Butter 250g,$3.80,$1.52 / 100G,/shop/productdetails/224659/western-star-chef-s-choice-unsalted-butter
204804,Yogo Chocolate Flavoured Custard 500g,$3.50,$0.70 / 100G,/shop/productdetails/204804/yogo-chocolate-flavoured-custard
157302,The Salad Servers Quinoa Tabbouleh 300g,$6.95,$2.32 / 100G,/shop/productdetails/157302/the-salad-servers-quinoa-tabbouleh
706642,Yumi's Sesame Falafel Balls 225g,$5.55,$24.67 / 1KG,/shop/productdetails/706642/yumi-s-sesame-falafel-balls
169222,Jalna Biodynamic Whole Milk Yoghurt 1kg,$8.80,$0.88 / 100G,/shop/productdetails/169222/jalna-biodynamic-whole-milk-yoghurt
209424,Vitasoy Rice Milk 1l,$3.30,$3.30 / 1L,/shop/productdetails/209424/vitasoy-rice-milk
769558,Bega Tasty Cheese Slices 500g,$9.50,$19.00 / 1KG,/shop/productdetails/769558/bega-tasty-cheese-slices
167104,Tamar Valley Dairy Yoghurt Peach & Cream 700g,$7.50,$1.07 / 100G,/shop/productdetails/167104/tamar-valley-dairy-yoghurt-peach-cream-yoghurt-peaches-cream
338087,Woolworths Asian Salad Kit Tub 250g,$6.50,$26.00 / 1KG,/shop/productdetails/338087/woolworths-asian-salad-kit-tub
215455,Macro Organic Soy Long Life Milk 1l,N/A,N/A,/shop/productdetails/215455/macro-organic-soy-long-life-milk
310237,Woolworths Tasty Cheese Block 500g,$7.70,$15.40 / 1KG,/shop/productdetails/310237/woolworths-tasty-cheese-block
208020,Wicked Sister Tiramisu 90g,$2.75,$3.06 / 100G,/shop/productdetails/208020/wicked-sister-tiramisu
611783,Chobani Flip Greek Yogurt Almond Coco Loco 140g,$3.50,$2.50 / 100G,/shop/productdetails/611783/chobani-flip-greek-yogurt-almond-coco-loco
921142,Just Veg. Carrot Shred 300g,$3.30,$11.00 / 1KG,/shop/productdetails/921142/just-veg-carrot-shred
16307,Sanitarium So Good Long Life Lite Soy Milk 1l,$2.20,$2.20 / 1L,/shop/productdetails/16307/sanitarium-so-good-long-life-lite-soy-milk
50923,Woolworths Full Cream Milk 1l,$1.60,$1.60 / 1L,/shop/productdetails/50923/woolworths-full-cream-milk
230367,Devondale Semi Skim Long Life Milk 1l,$2.20,$2.20 / 1L,/shop/productdetails/230367/devondale-semi-skim-long-life-milk
238584,V2 Plant Based Classic British Sausages 6 Pack 390g,$9.50,$24.36 / 1KG,/shop/productdetails/238584/v2-plant-based-classic-british-sausages-6-pack
463666,Chobani Greek Yogurt Natural Whole Milk 907g,$6.30,$0.69 / 100G,/shop/productdetails/463666/chobani-greek-yogurt-natural-whole-milk
700426,Woolworths 6 Extra Large Free Range Eggs 350g,$4.10,$1.17 / 100G,/shop/productdetails/700426/woolworths-6-extra-large-free-range-eggs
729008,Woolworths Light Tasty Shredded Cheese 500g,$7.70,$15.40 / 1KG,/shop/productdetails/729008/woolworths-light-tasty-shredded-cheese
729025,Woolworths Tasty Cheese Shredded 250g,$5.00,$20.00 / 1KG,/shop/productdetails/729025/woolworths-tasty-cheese-shredded
321815,Leggos Fresh Ricotta & Vegetable Tortellini 630g,$9.00,$1.43 / 100G,/shop/productdetails/321815/leggo-s-fresh-ricotta-vegetable-tortellini
243055,Yoplait Strawberry Sundae Pouch Yogurt 130g,$1.80,$1.38 / 100G,/shop/productdetails/243055/yoplait-strawberry-sundae-pouch-yogurt
756098,Wicked Sister Vanilla Bean Rice Pudding 500g,$5.00,$1.00 / 100G,/shop/productdetails/756098/wicked-sister-vanilla-bean-rice-pudding
85058,Siggi's Yoghurt Raspberry 500g,$4.50,$0.90 / 100G,/shop/productdetails/85058/siggi-s-yoghurt-raspberry
793193,Woolworths Creamy Pasta Salad 400g,$5.50,$1.38 / 100G,/shop/productdetails/793193/woolworths-creamy-pasta-salad
703502,Chris' Taramosalata Homestyle Caviar Dip 200g,$4.50,$2.25 / 100G,/shop/productdetails/703502/chris-taramosalata-homestyle-caviar-dip
210823,Chris' Homestyle Dip & Spread Tzatziki 3 Pack,$4.00,$2.22 / 100G,/shop/productdetails/210823/chris-homestyle-dip-spread-tzatziki
756114,Liddells Lactose Free Yoghurt Plain 140g X 4 Pack,$6.20,$1.11 / 100G,/shop/productdetails/756114/liddells-lactose-free-yoghurt-plain
65887,Primo Stackers Leg Ham Cheese Cheese And Crackers 50g,$4.25,$85.00 / 1KG,/shop/productdetails/65887/primo-stackers-leg-ham-cheese-cheese-and-crackers
155289,Strength Meals Co Chicken Laksa High Protein Soup 400g,$4.70,$1.18 / 100G,/shop/productdetails/155289/strength-meals-co-chicken-laksa-high-protein-soup
44528,Norco Full Cream Milk 2l,$4.00,$2.00 / 1L,/shop/productdetails/44528/norco-full-cream-milk
84763,Woolworths Sweetened Condensed Milk 397g,$1.80,$0.45 / 100G,/shop/productdetails/84763/woolworths-sweetened-condensed-milk
547135,Bulla Sour Cream 400ml,$5.50,$1.38 / 100ML,/shop/productdetails/547135/bulla-sour-cream
558548,Hillview Cheese Slices Full Fat 500g,$5.00,$10.00 / 1KG,/shop/productdetails/558548/hillview-cheese-slices-full-fat
5535,Sanitarium So Good Long Life Vanilla Bliss Soy Milk 1l,$3.00,$3.00 / 1L,/shop/productdetails/5535/sanitarium-so-good-long-life-vanilla-bliss-soy-milk
170467,Vaalia Probiotic Lactose Free Yoghurt French Vanilla 900g,$7.00,$0.78 / 100G,/shop/productdetails/170467/vaalia-probiotic-lactose-free-yoghurt-french-vanilla
717537,Five:am Organic Coffee Bean Yoghurt 170g,$3.00,$1.76 / 100G,/shop/productdetails/717537/five-am-organic-coffee-bean-yoghurt
788553,Rokeby Farms Protein Smoothie Banana Honey Cinnamon 425ml,$4.65,$10.94 / 1L,/shop/productdetails/788553/rokeby-farms-protein-smoothie-banana-honey-cinnamon
789208,Riverina Fresh Lactose Free Full Cream Milk 2l,$5.60,$2.80 / 1L,/shop/productdetails/789208/riverina-fresh-lactose-free-full-cream-milk
838737,Woolworths Light Thickened Cream 300ml,$2.80,$0.93 / 100ML,/shop/productdetails/838737/woolworths-light-thickened-cream
702151,Woolworths American Bbq Coleslaw 450g,$4.50,$10.00 / 1KG,/shop/productdetails/702151/woolworths-american-bbq-coleslaw
192366,Pureharvest Organic Malt Free Soy Milk 1l,$2.00,$2.00 / 1L,/shop/productdetails/192366/pureharvest-organic-malt-free-soy-milk
11358,The Salad Servers Lentil Salad 800g,$11.55,$1.44 / 100G,/shop/productdetails/11358/the-salad-servers-lentil-salad
41402,Bulla Cottage Cheese Original 200g,$3.80,$19.00 / 1KG,/shop/productdetails/41402/bulla-cottage-cheese-original
97275,Primo Stackers Salami Rice Cheese & Crackers 45g,$4.25,$94.44 / 1KG,/shop/productdetails/97275/primo-stackers-salami-rice-cheese-crackers
531732,Yumi's Roasted Beetroot Hommus Dip 200g,$3.50,$1.75 / 100G,/shop/productdetails/531732/yumi-s-roasted-beetroot-hommus-dip
205532,Yopro Perform High Protein Yoghurt No Added Sugar Mixed Berries 700g,$8.80,$1.26 / 100G,/shop/productdetails/205532/yopro-perform-high-protein-yoghurt-no-added-sugar-mixed-berries
116292,Yumi's Veggie Bites Roasted Veggies & Peas 225g,$6.00,$26.67 / 1KG,/shop/productdetails/116292/yumi-s-veggie-bites-roasted-veggies-peas
703827,Woolworths Korean Style Salad Kit 400g,$5.50,$13.75 / 1KG,/shop/productdetails/703827/woolworths-korean-style-salad-kit
264659,Chobani Greek Yogurt Strawberry 160g,$2.00,$1.25 / 100G,/shop/productdetails/264659/chobani-greek-yogurt-strawberry
242960,Chobani Fit Banana High Protein Greek Yoghurt Pouch 140g,$2.70,$1.93 / 100G,/shop/productdetails/242960/chobani-fit-banana-high-protein-greek-yoghurt-pouch
112828,Wildly Good Kale & Zucchini Veggie Fritter Bites 210g,$6.00,$2.86 / 100G,/shop/productdetails/112828/wildly-good-kale-zucchini-veggie-fritter-bites
64746,Dairy Farmers Full Cream Milk 3l,$5.90,$1.97 / 1L,/shop/productdetails/64746/dairy-farmers-full-cream-milk-full-cream-milk
182017,Yumi's Traditional Middle Eastern Hommus 500g,$6.50,$1.30 / 100G,/shop/productdetails/182017/yumi-s-traditional-middle-eastern-hommus
86298,Pureharvest Organic Oat Milk 1l,$2.00,$2.00 / 1L,/shop/productdetails/86298/pureharvest-organic-oat-milk
230440,Gippsland Dairy Caramel Craving Yoghurt With Darrell Lea Chocolate & Fudge 140g,$1.92,$1.37 / 100G,/shop/productdetails/230440/gippsland-dairy-caramel-craving-yoghurt-with-darrell-lea-chocolate-fudge
547996,Pauls Banana Custard Banana 70g,$1.90,$2.71 / 100G,/shop/productdetails/547996/pauls-banana-custard-banana
90130,Plantein Plant Based Schnitzel 300g,$7.00,$23.33 / 1KG,/shop/productdetails/90130/plantein-plant-based-schnitzel
155851,Strength Meals Co Smoky Pea And Ham High Protein Soup 400g,$4.70,$1.18 / 100G,/shop/productdetails/155851/strength-meals-co-smoky-pea-and-ham-high-protein-soup
94368,Wicked Sister Strawberry Panna Cotta 150g X2 Pack,$4.40,$1.47 / 100G,/shop/productdetails/94368/wicked-sister-strawberry-panna-cotta
572265,Woolworths Zucchini Slice Chilled Meal 700g,$13.50,$1.93 / 100G,/shop/productdetails/572265/woolworths-zucchini-slice-chilled-meal
667992,Pauls Zymil Chocolate 400ml,$3.80,$9.50 / 1L,/shop/productdetails/667992/pauls-zymil-chocolate
265590,Chobani Greek Yogurt Passion Fruit 160g,$2.00,$1.25 / 100G,/shop/productdetails/265590/chobani-greek-yogurt-passion-fruit
181143,Dari's Chicken Noodle Soup 550g,$5.00,$0.91 / 100G,/shop/productdetails/181143/dari-s-chicken-noodle-soup
744490,Sanitarium So Good Long Life Unsweetened Almond Milk 1l,$2.90,$2.90 / 1L,/shop/productdetails/744490/sanitarium-so-good-long-life-unsweetened-almond-milk
205057,Yoplait Le Rice Classic Vanilla 2 Pack,$3.50,$1.17 / 100G,/shop/productdetails/205057/yoplait-le-rice-classic-vanilla
96938,Primo Stackers Chicken Cheese & Crackers 45g,$4.25,$94.44 / 1KG,/shop/productdetails/96938/primo-stackers-chicken-cheese-crackers
546843,Woolworths Classic Coleslaw 250g,$3.80,$1.52 / 100G,/shop/productdetails/546843/woolworths-classic-coleslaw
230813,Gippsland Dairy With Darrell Lea White Choc Raspberry Yoghurt Mix Ins 140g,$1.92,$1.37 / 100G,/shop/productdetails/230813/gippsland-dairy-with-darrell-lea-white-choc-raspberry-yoghurt-mix-ins
145536,Dairy Farmers Full Cream Milk 1l,$2.70,$2.70 / 1L,/shop/productdetails/145536/dairy-farmers-full-cream-milk
779134,Woolworths Unsweetened Almond Milk 1l,$2.00,$2.00 / 1L,/shop/productdetails/779134/woolworths-unsweetened-almond-milk
181922,Dari's Chicken & Corn Soup 550g,$5.00,$0.91 / 100G,/shop/productdetails/181922/dari-s-chicken-corn-soup
267174,Chobani Greek Yogurt Mango 160g,$2.00,$1.25 / 100G,/shop/productdetails/267174/chobani-greek-yogurt-mango
116675,V2 Plant Based Burgers 4 Pack 452g,$9.00,$19.91 / 1KG,/shop/productdetails/116675/v2-plant-based-burgers-4-pack-moisturising-spf15
243179,Chobani Fit Tropical High Protein Greek Yoghurt Pouch 140g,$2.70,$1.93 / 100G,/shop/productdetails/243179/chobani-fit-tropical-high-protein-greek-yoghurt-pouch
48649,Essentials Salted Butter 250g,$3.70,$1.48 / 100G,/shop/productdetails/48649/essentials-salted-butter
167407,Liddells Lactose Free Probiotic Yoghurt Vanilla Bean 700g,$7.25,$1.04 / 100G,/shop/productdetails/167407/liddells-lactose-free-probiotic-yoghurt-vanilla-bean
810774,Rana Ricotta & Spinach Tortellini Pasta 325g,$8.00,$2.46 / 100G,/shop/productdetails/810774/rana-ricotta-spinach-tortellini-pasta
791364,Kraft Singles Original 432g,$7.50,$17.36 / 1KG,/shop/productdetails/791364/kraft-singles-original-original
180787,Dari's Hearty Chicken Soup 550g,$5.00,$0.91 / 100G,/shop/productdetails/180787/dari-s-hearty-chicken-soup
504592,Westgold Grass Fed Butter Salted 400g,$5.80,$1.45 / 100G,/shop/productdetails/504592/westgold-grass-fed-butter-salted
249729,Vegie Delights Plant Based Hot Dogs 300g,$7.50,$25.00 / 1KG,/shop/productdetails/249729/vegie-delights-plant-based-hot-dogs
42449,Bulla Light Sour Cream 200ml,$3.70,$1.85 / 100ML,/shop/productdetails/42449/bulla-light-sour-cream
229911,Vitasoy Greek Style Soy Yogurt Hint Of Vanilla 450g,$5.80,$1.29 / 100G,/shop/productdetails/229911/vitasoy-greek-style-soy-yogurt-hint-of-vanilla
267392,Chobani Greek Yogurt Raspberry 160g,$2.00,$1.25 / 100G,/shop/productdetails/267392/chobani-greek-yogurt-raspberry
208064,A2 Full Cream Milk 2l,$6.60,$3.30 / 1L,/shop/productdetails/208064/a2-milk-full-cream-milk
238197,V2 Plant Based Sausages Garlic & Herb 6 Pack,$9.50,$24.36 / 1KG,/shop/productdetails/238197/v2-plant-based-sausages-garlic-herb
360904,Perfect Italiano Shaved Parmesan 125g,$3.50,$28.00 / 1KG,/shop/productdetails/360904/perfect-italiano-shaved-parmesan
768229,Tablelands Dairy Free Buttery 500g,$3.20,$0.64 / 100G,/shop/productdetails/768229/tablelands-dairy-free-buttery
230434,Vitasoy Greek Style Soy Yogurt Plain Thick & Creamy 450g,$5.80,$1.29 / 100G,/shop/productdetails/230434/vitasoy-greek-style-soy-yogurt-plain-thick-creamy
504590,Westgold Grass Fed Butter Unsalted 400g,$5.80,$1.45 / 100G,/shop/productdetails/504590/westgold-grass-fed-butter-unsalted
793191,Woolworths Creamy Potato Salad 400g,$5.50,$1.38 / 100G,/shop/productdetails/793191/woolworths-creamy-potato-salad
51379,Woolworths Skim Milk 1l,$1.60,$1.60 / 1L,/shop/productdetails/51379/woolworths-skim-milk
114580,The Salad Servers Jewelled Saffron Rice 800g,$11.55,$1.44 / 100G,/shop/productdetails/114580/the-salad-servers-jewelled-saffron-rice
33637,Devondale Skim Long Life Milk 1l,$2.20,$2.20 / 1L,/shop/productdetails/33637/devondale-skim-long-life-milk
76651,Essentials Unsalted Butter 250g,$3.70,$1.48 / 100G,/shop/productdetails/76651/essentials-unsalted-butter
899765,Nuttelex Buttery Table Spread 500g,$5.20,$1.04 / 100G,/shop/productdetails/899765/nuttelex-buttery-table-spread
780371,Woolworths Beetroot Fresh Beetroot 250g,$3.00,$12.00 / 1KG,/shop/productdetails/780371/woolworths-beetroot-fresh-beetroot
40471,Bega Tasty Cheese 500g,$8.50,$17.00 / 1KG,/shop/productdetails/40471/bega-tasty-cheese
626243,Yumi's Roasted Capsicum & Cashew Dip 200g,$3.50,$1.75 / 100G,/shop/productdetails/626243/yumi-s-roasted-capsicum-cashew-dip
624204,Woolworths Vanilla Custard 97% Fat Free 1kg,$3.00,$0.30 / 100G,/shop/productdetails/624204/woolworths-vanilla-custard-97-fat-free
295648,Woolworths Whipped Cream 250g,$5.60,$2.24 / 100G,/shop/productdetails/295648/woolworths-whipped-cream
162607,Woolworths Vegetable Spring Rolls Chilled Meal 200g,$6.50,$3.25 / 100G,/shop/productdetails/162607/woolworths-vegetable-spring-rolls-chilled-meal
243152,Chobani Banana Caramel Greek Yoghurt Pouch 140g,$2.50,$1.79 / 100G,/shop/productdetails/243152/chobani-banana-caramel-greek-yoghurt-pouch
714693,Fresh Fodder Taramosalata 200g,$4.40,$2.20 / 100G,/shop/productdetails/714693/fresh-fodder-taramosalata
104409,Primo Duos Mild Twiggy Bites & Cheese Snack 50g,$4.25,$85.00 / 1KG,/shop/productdetails/104409/primo-duos-mild-twiggy-bites-cheese-snack
839321,The Salad Servers Salad Bean Medley 300g,$6.95,$2.32 / 100G,/shop/productdetails/839321/the-salad-servers-salad-bean-medley
92233,Macro Thai Green Curry Tempeh 200g,$5.50,$27.50 / 1KG,/shop/productdetails/92233/macro-thai-green-curry-tempeh
624195,Woolworths Cream Cheese Block 225g,$3.00,$13.33 / 1KG,/shop/productdetails/624195/woolworths-cream-cheese-block
180711,Dari's Classic Vegetable Soup 550g,$5.00,$0.91 / 100G,/shop/productdetails/180711/dari-s-classic-vegetable-soup
348995,Tablelands Health Smart Reduced Cholesterol Spread 500g,$5.25,$1.05 / 100G,/shop/productdetails/348995/tablelands-health-smart-reduced-cholesterol-spread
311534,Woolworths Classic Coleslaw 800g,$7.00,$0.88 / 100G,/shop/productdetails/311534/woolworths-classic-coleslaw
267214,Chobani Greek Yogurt Vanilla 160g,$2.00,$1.25 / 100G,/shop/productdetails/267214/chobani-greek-yogurt-vanilla
847886,Oatly Oat Milk Barista Edition 1l,$5.50,$5.50 / 1L,/shop/productdetails/847886/oatly-oat-milk-barista-edition
829814,Woolworths Haloumi 180g,$4.80,$26.67 / 1KG,/shop/productdetails/829814/woolworths-haloumi
155458,Strength Meals Co Spiced Pumpkin & Lentil High Protein Soup 400g,$4.70,$1.18 / 100G,/shop/productdetails/155458/strength-meals-co-spiced-pumpkin-lentil-high-protein-soup
19080,F Mayer Danish Fetta Cheese Per Kg,$16.50,$16.50 / 1KG,/shop/productdetails/19080/f-mayer-danish-fetta-cheese-cheese
48023,Supafry Solid Oil 500g,$4.50,$0.90 / 100G,/shop/productdetails/48023/supafry-solid-oil
321800,Leggos Fresh Beef Tomato & Parmesan Ravioli 630g,$9.00,$1.43 / 100G,/shop/productdetails/321800/leggo-s-fresh-beef-tomato-parmesan-ravioli
705287,Pauls Zymil Light Thickened Cream Lactose Free 300ml,$4.00,$1.33 / 100ML,/shop/productdetails/705287/pauls-zymil-light-thickened-cream-lactose-free
858008,Pureharvest Almond Milk Unsweetened 1l,$2.00,$2.00 / 1L,/shop/productdetails/858008/pureharvest-almond-milk-unsweetened
120737,Yumi's Italian Olive Dip 200g,$3.50,$1.75 / 100G,/shop/productdetails/120737/yumi-s-italian-olive-dip
857954,Chris' Dips Tzatziki & Roasted Garlic 200g,$4.50,$2.25 / 100G,/shop/productdetails/857954/chris-dips-tzatziki-roasted-garlic
92235,Plantitude Chicken Free Crumbed Tenders 300g,$6.50,$21.67 / 1KG,/shop/productdetails/92235/plantitude-chicken-free-crumbed-tenders-chicken-free-crumbed-tenders
891325,Woolworths Tasty Cheese Block 1kg,$14.00,$14.00 / 1KG,/shop/productdetails/891325/woolworths-tasty-cheese-block
724682,Dairy Farmers Sour Cream 250g,$3.70,$1.48 / 100G,/shop/productdetails/724682/dairy-farmers-sour-cream
323320,Willow Farm Dip Hommus 200g,$2.50,$1.25 / 100G,/shop/productdetails/323320/willow-farm-dip-hommus
452083,Woolworths Greek Style Fetta 200g,$4.30,$21.50 / 1KG,/shop/productdetails/452083/woolworths-greek-style-fetta
120541,Rana Ricotta & Spinach Tortellini 565g,$10.00,$1.77 / 100G,/shop/productdetails/120541/rana-ricotta-spinach-tortellini
208817,Vitasoy Chocolate Milk 1l,$3.00,$3.00 / 1L,/shop/productdetails/208817/vitasoy-chocolate-milk
276711,Wicked Sister High Protein Mango Pudding 170g,$2.25,$1.32 / 100G,/shop/productdetails/276711/wicked-sister-high-protein-mango-pudding
780717,Woolworths Creamed Cottage Cheese 500g,$6.00,$12.00 / 1KG,/shop/productdetails/780717/woolworths-creamed-cottage-cheese
622919,Coyo Organic Coconut Yoghurt Vanilla Bean 500g,$8.50,$1.70 / 100G,/shop/productdetails/622919/coyo-organic-coconut-yoghurt-vanilla-bean
157168,Woolworths Egg & Bacon Potato Salad 400g,$5.80,$1.45 / 100G,/shop/productdetails/157168/woolworths-egg-bacon-potato-salad
139881,Yumi's Eggplant Mediterranean Dip 200g,$3.50,$1.75 / 100G,/shop/productdetails/139881/yumi-s-eggplant-mediterranean-dip
243048,Yoplait Chocolate Banana Pouch Yoghurt 130g,$1.80,$1.38 / 100G,/shop/productdetails/243048/yoplait-chocolate-banana-pouch-yoghurt
263341,Chobani Greek Yogurt Blueberry 160g,$2.00,$1.25 / 100G,/shop/productdetails/263341/chobani-greek-yogurt-blueberry
744838,Woolworths Fresh Minestrone Soup Low Fat 300g,$3.00,$1.00 / 100G,/shop/productdetails/744838/woolworths-fresh-minestrone-soup-low-fat
35435,Pauls Custard Snack Pack Vanilla 150gx 6 Pack,$6.90,$0.77 / 100G,/shop/productdetails/35435/pauls-custard-snack-pack-vanilla-custard
124017,Fancy Plants Plant Based Chocolate Chia Pod 150g,$3.00,$2.00 / 100G,/shop/productdetails/124017/fancy-plants-plant-based-chocolate-chia-pod
121501,Pauls Zymil Coffee 400ml,$3.80,$9.50 / 1L,/shop/productdetails/121501/pauls-zymil-coffee
224944,Woolworths Extra Tasty Cheese Slices 500g,$8.60,$17.20 / 1KG,/shop/productdetails/224944/woolworths-extra-tasty-cheese-slices
120207,Sanitarium So Good Oat No Added Sugar Uht Milk 1l,$2.80,$2.80 / 1L,/shop/productdetails/120207/sanitarium-so-good-oat-no-added-sugar-uht-milk
32063,Liddells Full Cream Long Life Milk Lactose Free 1l,$3.00,$3.00 / 1L,/shop/productdetails/32063/liddells-full-cream-long-life-milk-lactose-free
492690,Woolworths Spread Olive Oil 500g,$3.80,$0.76 / 100G,/shop/productdetails/492690/woolworths-spread-olive-oil
258746,Bulla Cooking Cream 300ml,$3.70,$1.23 / 100ML,/shop/productdetails/258746/bulla-cooking-cream
276843,Tamar Valley Spiced Apple Caramel Yoghurt 170g,$2.90,$1.71 / 100G,/shop/productdetails/276843/tamar-valley-spiced-apple-caramel-yoghurt
243212,Yoplait Mixed Berry Yogurt 1kg,$4.50,$0.45 / 100G,/shop/productdetails/243212/yoplait-mixed-berry-yogurt
109919,Pauls Custard Pouch Strawberry 140g,$1.90,$1.36 / 100G,/shop/productdetails/109919/pauls-custard-pouch-strawberry
382779,Woolworths Classic Coleslaw 400g,$5.50,$1.38 / 100G,/shop/productdetails/382779/woolworths-classic-coleslaw
184335,La Famiglia Garlic Bread Slices 270g,$6.00,$2.22 / 100G,/shop/productdetails/184335/la-famiglia-garlic-bread-slices
243187,Siggi's Caramelised Orange Yoghurt 125g,$1.25,$1.00 / 100G,/shop/productdetails/243187/siggi-s-caramelised-orange-yoghurt
180479,Dari's Lentil Soup 550g,$5.00,$0.91 / 100G,/shop/productdetails/180479/dari-s-lentil-soup
923882,Jalna Sweet & Creamy Greek Yoghurt 2kg,$12.40,$0.62 / 100G,/shop/productdetails/923882/jalna-sweet-creamy-greek-yoghurt
496525,Vegie Delights Plant Based Vegie Roast 480g,$9.50,$19.79 / 1KG,/shop/productdetails/496525/vegie-delights-plant-based-vegie-roast
193896,Bega Stringers Lactose Free Cheese 8 Pack,$6.50,$40.63 / 1KG,/shop/productdetails/193896/bega-stringers-lactose-free-cheese
22771,Sanitarium So Good Chilled Regular Soy Milk 1l,$2.80,$2.80 / 1L,/shop/productdetails/22771/sanitarium-so-good-chilled-regular-soy-milk
87702,Lurpak Spreadable Slightly Salted 400g,$7.50,$1.88 / 100G,/shop/productdetails/87702/lurpak-spreadable-slightly-salted
405010,Pauls Farmhouse Gold Full Cream Milk 1.5l,$4.20,$2.80 / 1L,/shop/productdetails/405010/pauls-farmhouse-gold-full-cream-milk
793415,Woolworths Creamy Pasta Salad 110g,$2.80,$2.55 / 100G,/shop/productdetails/793415/woolworths-creamy-pasta-salad
83995,Sanitarium So Good Barista Edition Soy Milk 1l,$3.00,$3.00 / 1L,/shop/productdetails/83995/sanitarium-so-good-barista-edition-soy-milk
313900,Manning Valley 12 Extra Large Free Range Eggs 700g,$7.15,$1.02 / 100G,/shop/productdetails/313900/manning-valley-12-extra-large-free-range-eggs
302306,Perfect Italiano Extra Sharp Grated Parmesan 125g,$3.50,$28.00 / 1KG,/shop/productdetails/302306/perfect-italiano-extra-sharp-grated-parmesan
208865,Wicked Sister Panna Cotta Double Choc Gluten Free 2 Pack,$4.40,$1.47 / 100G,/shop/productdetails/208865/wicked-sister-panna-cotta-double-choc-gluten-free
187349,Siggi's Yoghurt Natural 500g,$4.50,$0.90 / 100G,/shop/productdetails/187349/siggi-s-yoghurt-natural
83273,Sanitarium So Good Barista Edition Oat Milk 1l,$4.00,$4.00 / 1L,/shop/productdetails/83273/sanitarium-so-good-barista-edition-oat-milk
841160,Village Natural Yoghurt 2kg,$9.00,$0.45 / 100G,/shop/productdetails/841160/village-natural-yoghurt
323321,Willow Farm Dip French Onion 200g,$2.50,$1.25 / 100G,/shop/productdetails/323321/willow-farm-dip-french-onion
859721,Perfect Italiano Romano Cheese Block 200g,$5.50,$27.50 / 1KG,/shop/productdetails/859721/perfect-italiano-romano-cheese-block
452080,Woolworths Brie 125g,$3.40,$27.20 / 1KG,/shop/productdetails/452080/woolworths-brie
452086,Woolworths Danish Style Fetta 200g,$4.30,$21.50 / 1KG,/shop/productdetails/452086/woolworths-danish-style-fetta
230834,Gippsland Dairy With Darrell Lea Rocklea Road Yoghurt Mix Ins 140g,$1.92,$1.37 / 100G,/shop/productdetails/230834/gippsland-dairy-with-darrell-lea-rocklea-road-yoghurt-mix-ins
769525,Bega Strong & Bitey Vintage Cheese Slices 500g,$9.50,$19.00 / 1KG,/shop/productdetails/769525/bega-strong-bitey-vintage-cheese-slices
558547,Hillview Cheese Slices Reduced Fat 500g,$5.00,$10.00 / 1KG,/shop/productdetails/558547/hillview-cheese-slices-reduced-fat
65254,Unreal Co. Plant Based Chick'n Chives Sausages 350g,$6.50,$18.57 / 1KG,/shop/productdetails/65254/unreal-co-plant-based-chick-n-chives-sausages
229912,Chobani Oat Yogurt Strawberry Dairy Free 150g,$2.50,$1.67 / 100G,/shop/productdetails/229912/chobani-oat-yogurt-strawberry-dairy-free
85067,Farmers Union Greek Style Lactose Free Yoghurt 500g,$4.50,$0.90 / 100G,/shop/productdetails/85067/farmers-union-greek-style-lactose-free-yoghurt
277286,Cocobella Yoghurt Pouch Strawberry 110g,$2.00,$1.82 / 100G,/shop/productdetails/277286/cocobella-yoghurt-pouch-strawberry
265568,Chobani Greek Yogurt Natural Light 160g,$2.00,$1.25 / 100G,/shop/productdetails/265568/chobani-greek-yogurt-natural-light
54267,Latina Fresh Beef Ravioli Pasta Ravioli 625g,$8.50,$1.36 / 100G,/shop/productdetails/54267/latina-fresh-beef-ravioli-pasta-ravioli
204817,Activia Danone Probiotic Yoghurt No Added Sugar Blueberry 125g X 4 Pack,$5.75,$1.15 / 100G,/shop/productdetails/204817/activia-danone-probiotic-yoghurt-no-added-sugar-blueberry
42812,Bulla Thickened Cream 300ml,$3.50,$1.17 / 100ML,/shop/productdetails/42812/bulla-thickened-cream
85577,Nuttelex Buttery 1kg,$9.00,$0.90 / 100G,/shop/productdetails/85577/nuttelex-buttery
780071,Obela Hommus To Go Classic & Sakata Crackers 125g,$3.50,$2.80 / 100G,/shop/productdetails/780071/obela-hommus-to-go-classic-sakata-crackers
155239,Pitango Free Range Chicken & Vegetable Soup 600g,$5.50,$0.92 / 100G,/shop/productdetails/155239/pitango-free-range-chicken-vegetable-soup
771237,Sunny Queen 18 Large Free Range Eggs 900g,$9.90,$1.10 / 100G,/shop/productdetails/771237/sunny-queen-18-large-free-range-eggs
47022,Bulla Thickened Cream 600ml,$6.00,$1.00 / 100ML,/shop/productdetails/47022/bulla-thickened-cream
275021,Cocobella Yoghurt Pouch Vanilla 110g,$2.00,$1.82 / 100G,/shop/productdetails/275021/cocobella-yoghurt-pouch-vanilla
536508,Woolworths Mozzarella Shredded Cheese 250g,$5.00,$20.00 / 1KG,/shop/productdetails/536508/woolworths-mozzarella-shredded-cheese
624763,Rokeby Farms Probiotic Filmjolk Yoghurt Natural 750g,$5.00,$0.67 / 100G,/shop/productdetails/624763/rokeby-farms-probiotic-filmjolk-yoghurt-natural
238877,Starbucks Frappuccino Iced Coffee 280ml,$3.60,$12.86 / 1L,/shop/productdetails/238877/starbucks-frappuccino-iced-coffee-drink
43053,Jalna Fat Free Yoghurt 1kg,$8.30,$0.83 / 100G,/shop/productdetails/43053/jalna-fat-free-yoghurt
330251,Dairy Farmers Heart Active Light Milk 1l,$3.70,$3.70 / 1L,/shop/productdetails/330251/dairy-farmers-heart-active-light-milk
827224,Woolworths Spinach & Ricotta Tortellini Napolitana Sauce Chilled Meal 350g,$7.00,$2.00 / 100G,/shop/productdetails/827224/woolworths-spinach-ricotta-tortellini-napolitana-sauce-chilled-meal
404984,Pauls Farmhouse Gold Full Cream Milk Unhomogenised 1.5l,$4.20,$2.80 / 1L,/shop/productdetails/404984/pauls-farmhouse-gold-full-cream-milk-unhomogenised
265548,Chobani Greek Yogurt Lemon 160g,$2.00,$1.25 / 100G,/shop/productdetails/265548/chobani-greek-yogurt-lemon
321835,Leggos Ravioli Beef Tomato & Parmesan 360g,$3.50,$0.97 / 100G,/shop/productdetails/321835/leggo-s-ravioli-beef-tomato-parmesan
436516,Pauls Zymil Custard Vanilla 1kg,$6.40,$0.64 / 100G,/shop/productdetails/436516/pauls-zymil-custard-vanilla-vanilla
85313,Yumi's Traditional Garlic Dip 200g,$3.50,$1.75 / 100G,/shop/productdetails/85313/yumi-s-traditional-garlic-dip
224763,Woolworths 12 X-large Free Range Eggs 700g,$5.20,$0.74 / 100G,/shop/productdetails/224763/woolworths-12-x-large-free-range-eggs
624764,Rokeby Farms Probiotic Filmjolk Yoghurt Blueberry 750g,$5.00,$0.67 / 100G,/shop/productdetails/624764/rokeby-farms-probiotic-filmjolk-yoghurt-blueberry
710014,Sanitarium So Good Long Life Original Almond Milk 1l,$2.90,$2.90 / 1L,/shop/productdetails/710014/sanitarium-so-good-long-life-original-almond-milk
204681,Vaalia Probiotic Kefir Vanilla Yoghurt 700g,$4.50,$0.64 / 100G,/shop/productdetails/204681/vaalia-probiotic-kefir-vanilla-yoghurt
64810,Australia's Own Barista Almond 1l,$4.00,$4.00 / 1L,/shop/productdetails/64810/australia-s-own-barista-almond
789357,Woolworths Full Cream Milk Powder 1kg,$10.00,$1.00 / 100G,/shop/productdetails/789357/woolworths-full-cream-milk-powder
436518,Pauls Custard Pouch Vanilla 140g,$1.90,$1.36 / 100G,/shop/productdetails/436518/pauls-custard-pouch-vanilla-vanilla
659425,Jalna Whole Milk Yoghurt Lactose Free Vanilla 1kg,$8.80,$0.88 / 100G,/shop/productdetails/659425/jalna-whole-milk-yoghurt-lactose-free-vanilla
793406,Woolworths Classic Coleslaw 110g,$2.80,$2.55 / 100G,/shop/productdetails/793406/woolworths-classic-coleslaw
25920,Woolworths Greek Salad Kit 500g,$9.50,$1.90 / 100G,/shop/productdetails/25920/woolworths-greek-salad-kit
205773,Zymil Long Life Full Cream Milk Lactose Free 250ml X3 Pack,$3.20,$4.27 / 1L,/shop/productdetails/205773/zymil-long-life-full-cream-milk-lactose-free
42161,Perfect Italiano Shredded Parmesan 125g,$3.50,$28.00 / 1KG,/shop/productdetails/42161/perfect-italiano-shredded-parmesan
89926,Dairy Farmers Skim Milk 2l,$4.50,$2.25 / 1L,/shop/productdetails/89926/dairy-farmers-skim-milk-skim-milk
714664,Fresh Fodder Tzatziki 200g,$4.40,$2.20 / 100G,/shop/productdetails/714664/fresh-fodder-tzatziki
87769,Westgold Full Cream Uht Milk 1l,$1.90,$1.90 / 1L,/shop/productdetails/87769/westgold-full-cream-uht-milk
209603,Wicked Sister Sundae Double Choc & Cookie 110g,$3.75,$3.41 / 100G,/shop/productdetails/209603/wicked-sister-sundae-double-choc-cookie
242938,Farmers Union Plus Mango Yoghurt 160g,$1.90,$1.19 / 100G,/shop/productdetails/242938/farmers-union-plus-mango-yoghurt
225624,Primo Trios Cabnssi Cheese & Arnott Bbq Shapes 50g,$4.25,$85.00 / 1KG,/shop/productdetails/225624/primo-trios-cabnssi-cheese-arnott-bbq-shapes
243154,Farmers Union Plus Vanilla & Honey Yogurt 160g,$1.90,$1.19 / 100G,/shop/productdetails/243154/farmers-union-plus-vanilla-honey-yogurt
120581,Woolworths Tasty Cheese & Crackers 120g,$4.40,$36.67 / 1KG,/shop/productdetails/120581/woolworths-tasty-cheese-crackers
924245,Australia's Own Unsweetened Almond Milk 1l,$3.10,$3.10 / 1L,/shop/productdetails/924245/australia-s-own-unsweetened-almond-milk
69369,Bega Tasty Natural Cheese Slices 15 Pack 250g,$7.00,$28.00 / 1KG,/shop/productdetails/69369/bega-tasty-natural-cheese-slices
25845,Woolworths Honey Mustard Pasta Salad 400g,$5.80,$1.45 / 100G,/shop/productdetails/25845/woolworths-honey-mustard-pasta-salad
85904,Cocobella Dairy Free Coconut Yoghurt Natural 900g,$8.50,$0.94 / 100G,/shop/productdetails/85904/cocobella-dairy-free-coconut-yoghurt-natural
229818,Chobani Oat Yogurt Blueberry Dairy Free 150g,$2.50,$1.67 / 100G,/shop/productdetails/229818/chobani-oat-yogurt-blueberry-dairy-free
66964,The Sauce By Manu Peppercorn 150g,$5.25,$3.50 / 100G,/shop/productdetails/66964/the-sauce-by-manu-peppercorn
83836,Sanitarium So Good Barista Edition Almond Milk 1l,$4.00,$4.00 / 1L,/shop/productdetails/83836/sanitarium-so-good-barista-edition-almond-milk
57182,Mainland Buttersoft Pure Salted Butter 375g,$7.50,$2.00 / 100G,/shop/productdetails/57182/mainland-buttersoft-pure-salted-butter
810779,Woolworths Cherry Bocconcini 220g,$4.80,$21.82 / 1KG,/shop/productdetails/810779/woolworths-cherry-bocconcini
215124,Yumi's Minis Roasted Veggies & Oregano 100g,$3.00,$30.00 / 1KG,/shop/productdetails/215124/yumi-s-minis-roasted-veggies-oregano
275660,Cocobella Yoghurt Pouch Mango 110g,$2.00,$1.82 / 100G,/shop/productdetails/275660/cocobella-yoghurt-pouch-mango
155702,Pitango Organic Pumpkin & Ginger Soup 600g,$5.50,$0.92 / 100G,/shop/productdetails/155702/pitango-organic-pumpkin-ginger-soup
222777,Primo Stackers Pepproni Cheese & Jatz Crackers 57g,$4.25,$74.56 / 1KG,/shop/productdetails/222777/primo-stackers-pepproni-cheese-jatz-crackers
25919,Woolworths Basil Pesto Pasta Salad Kit 500g,$9.50,$1.90 / 100G,/shop/productdetails/25919/woolworths-basil-pesto-pasta-salad-kit
224942,Woolworths Tasty Light Cheese Slices 500g,$8.60,$17.20 / 1KG,/shop/productdetails/224942/woolworths-tasty-light-cheese-slices
807017,Vitasoy Almond Double Espresso 330ml,$2.60,$7.88 / 1L,/shop/productdetails/807017/vitasoy-almond-double-espresso
531850,Yumi's Chipotle Hommus Dip 200g,$3.50,$1.75 / 100G,/shop/productdetails/531850/yumi-s-chipotle-hommus-dip
267302,Chobani Greek Yogurt Very Berry 160g,$2.00,$1.25 / 100G,/shop/productdetails/267302/chobani-greek-yogurt-very-berry
127632,Nakula Vanilla Coconut Yoghurt 500g,$6.00,$1.20 / 100G,/shop/productdetails/127632/nakula-vanilla-coconut-yoghurt
791361,Kraft Singles Original 216g,$5.25,$24.31 / 1KG,/shop/productdetails/791361/kraft-singles-original-original
769584,Perfect Italiano Pizza Plus Cheese 450g,$9.00,$20.00 / 1KG,/shop/productdetails/769584/perfect-italiano-pizza-plus-cheese
453300,Woolworths Natural Tasty Cheese & Crackers Each 50g,$1.90,$38.00 / 1KG,/shop/productdetails/453300/woolworths-natural-tasty-cheese-crackers
621149,Obela Tzatziki To Go Classic & Sakata Crackers 125g,$3.50,$2.80 / 100G,/shop/productdetails/621149/obela-tzatziki-to-go-classic-sakata-crackers
63927,Primo Stackers Spicy Chrizo Cheese And Crackers 50g,$4.25,$85.00 / 1KG,/shop/productdetails/63927/primo-stackers-spicy-chrizo-cheese-and-crackers
948485,Home Chef Quiche Lorraine Chilled Meal 700g,$9.00,$1.29 / 100G,/shop/productdetails/948485/home-chef-quiche-lorraine-chilled-meal
184259,Liddells Lactose Free Probiotic Yoghurt Blueberry 140g X 4 Pack,$6.20,$1.11 / 100G,/shop/productdetails/184259/liddells-lactose-free-probiotic-yoghurt-blueberry
41285,Nuttelex Polyunsaturated Margarine Spread 500g,$5.20,$1.04 / 100G,/shop/productdetails/41285/nuttelex-polyunsaturated-margarine-spread
193729,Primo Stackers Mild Salami Cheddar Cheese & Crackers 3 Pack,$10.70,$71.33 / 1KG,/shop/productdetails/193729/primo-stackers-mild-salami-cheddar-cheese-crackers
233567,Woolworths Four Seasons Coleslaw Coleslaw 400g,$4.50,$11.25 / 1KG,/shop/productdetails/233567/woolworths-four-seasons-coleslaw-coleslaw
165838,Cheer Cheese Slices Tasty 750g,$14.00,$18.67 / 1KG,/shop/productdetails/165838/cheer-cheese-slices-tasty
41225,Pureharvest Organic Aussie Dream Rice Milk 1l,$2.60,$2.60 / 1L,/shop/productdetails/41225/pureharvest-organic-aussie-dream-rice-milk
85587,Woolworths Shredded Parmesan Cheese 250g,$6.50,$26.00 / 1KG,/shop/productdetails/85587/woolworths-shredded-parmesan-cheese
229708,Chobani Oat Yogurt Mango Dairy Free 150g,$2.50,$1.67 / 100G,/shop/productdetails/229708/chobani-oat-yogurt-mango-dairy-free
807868,Perfect Italiano Parmesan Block 200g,$5.50,$27.50 / 1KG,/shop/productdetails/807868/perfect-italiano-parmesan-block
271778,Five:am Organic Yoghurt Vanilla Bean 1kg,$7.60,$0.76 / 100G,/shop/productdetails/271778/five-am-organic-yoghurt-vanilla-bean
48062,Philadelphia Original Cream Cheese Block 250g,$5.70,$22.80 / 1KG,/shop/productdetails/48062/philadelphia-original-cream-cheese-block
436519,Pauls Custard Pouch Chocolate 140g,$1.90,$1.36 / 100G,/shop/productdetails/436519/pauls-custard-pouch-chocolate-chocolate
728984,Woolworths Light Tasty Cheese Shredded 250g,$5.00,$20.00 / 1KG,/shop/productdetails/728984/woolworths-light-tasty-cheese-shredded
208066,A2 Light Milk 2l,$6.60,$3.30 / 1L,/shop/productdetails/208066/a2-milk-light-milk
222491,Primo Trios Arnotts Pizza Shapes & Pepperoni 54g,$4.25,$78.70 / 1KG,/shop/productdetails/222491/primo-trios-arnotts-pizza-shapes-pepperoni
124268,Fancy Plants Plant Based Chocolate Silky Pot 95g X2 Pack,$4.40,$2.32 / 100G,/shop/productdetails/124268/fancy-plants-plant-based-chocolate-silky-pot
202498,Devondale Shredded Tasty Cheese 600g,$12.00,$20.00 / 1KG,/shop/productdetails/202498/devondale-shredded-tasty-cheese
169823,Jalna Lactose Free Greek Yoghurt 1kg,$8.80,$0.88 / 100G,/shop/productdetails/169823/jalna-lactose-free-greek-yoghurt
150166,Macro Organic Oat Milk Unsweetened 1l,$2.25,$2.25 / 1L,/shop/productdetails/150166/macro-organic-oat-milk-unsweetened
79223,Philadelphia Original Cream Cheese Spread Tub 250g,$5.70,$22.80 / 1KG,/shop/productdetails/79223/philadelphia-original-cream-cheese-spread-tub
20015,Yumi's Smoked Trout Mousse Dip 200g,$6.50,$3.25 / 100G,/shop/productdetails/20015/yumi-s-smoked-trout-mousse-dip
223033,Primo Trios Cabanossi Cheese & Jatz Crackers 50g,$4.25,$85.00 / 1KG,/shop/productdetails/223033/primo-trios-cabanossi-cheese-jatz-crackers
155694,Vitasoy Almond Milky 1l,$3.50,$3.50 / 1L,/shop/productdetails/155694/vitasoy-almond-milky
81585,Thomas Dux Blue Stilton 150g,$5.00,$33.33 / 1KG,/shop/productdetails/81585/thomas-dux-blue-stilton
310238,Woolworths Extra Tasty Cheese Block 500g,$7.70,$15.40 / 1KG,/shop/productdetails/310238/woolworths-extra-tasty-cheese-block
790545,Pauls Chocolate Mousse 50gx 12 Pack,$7.00,$1.17 / 100G,/shop/productdetails/790545/pauls-chocolate-mousse-mousse
763317,Home Chef Quiche Spinach & Feta Chilled Meal 700g,$9.00,$1.29 / 100G,/shop/productdetails/763317/home-chef-quiche-spinach-feta-chilled-meal
224943,Woolworths Colby Cheese Slices 500g,$8.60,$17.20 / 1KG,/shop/productdetails/224943/woolworths-colby-cheese-slices
267305,Gippsland Dairy Twist Yoghurt Passionfruit 700g,$5.00,$0.71 / 100G,/shop/productdetails/267305/gippsland-dairy-twist-yoghurt-passionfruit
294517,La Famiglia Garlic Bread 400g,$4.50,$1.13 / 100G,/shop/productdetails/294517/la-famiglia-garlic-bread
111658,Plantry Plant Based Food Pad Thai Frozen Meal 350g,$9.00,$2.57 / 100G,/shop/productdetails/111658/plantry-plant-based-food-pad-thai-frozen-meal
90032,Devondale 100% Pure Full Cream Long Life Milk 6x200ml,$6.00,$5.00 / 1L,/shop/productdetails/90032/devondale-100-pure-full-cream-long-life-milk
139812,Yumi's Creamed Spinach Dip 200g,$3.50,$1.75 / 100G,/shop/productdetails/139812/yumi-s-creamed-spinach-dip
266971,Gippsland Dairy Twist Yoghurt Boysenberry 700g,$5.00,$0.71 / 100G,/shop/productdetails/266971/gippsland-dairy-twist-yoghurt-boysenberry
83803,Yumi's Avocado With Sea Salt Dip 65g X3 Pack,$4.50,$2.31 / 100G,/shop/productdetails/83803/yumi-s-avocado-with-sea-salt-dip
24133,Dairy Farmers Light Milk 2l,$4.50,$2.25 / 1L,/shop/productdetails/24133/dairy-farmers-light-milk
243746,Gippsland Dairy Blueberry Crumble Yogurt 140g,$1.92,$1.37 / 100G,/shop/productdetails/243746/gippsland-dairy-blueberry-crumble-yogurt
379902,Woolworths Cheese Cubes 500g,$10.50,$21.00 / 1KG,/shop/productdetails/379902/woolworths-cheese-cubes
275780,Gippsland Dairy Twist Yoghurt Smooth & Creamy 700g,$5.00,$0.71 / 100G,/shop/productdetails/275780/gippsland-dairy-twist-yoghurt-smooth-creamy
267425,Chobani Flip Greek Yogurt Triple Choc Brownie 140g,$3.50,$2.50 / 100G,/shop/productdetails/267425/chobani-flip-greek-yogurt-triple-choc-brownie
210591,Dari's Classic Pumpkin Soup 550g,$5.00,$0.91 / 100G,/shop/productdetails/210591/dari-s-classic-pumpkin-soup
105914,Nestle Sweetened Condensed Milk 395g,$3.80,$0.96 / 100G,/shop/productdetails/105914/nestle-sweetened-condensed-milk
265549,Gippsland Dairy Twist Yoghurt Strawberries & Cream 700g,$5.00,$0.71 / 100G,/shop/productdetails/265549/gippsland-dairy-twist-yoghurt-strawberries-cream
150419,Woolworths Mozzarella Cheddar & Parmesan Shredded Blend 250g,N/A,N/A,/shop/productdetails/150419/woolworths-mozzarella-cheddar-parmesan-shredded-blend
48443,Bega Strong & Bitey Vintage Cheese 500g,$8.50,$17.00 / 1KG,/shop/productdetails/48443/bega-strong-bitey-vintage-cheese
925093,Obela Smooth Classic Hommus To Go Singles 60g X3 Pack,$3.50,$1.94 / 100G,/shop/productdetails/925093/obela-smooth-classic-hommus-to-go-singles
765451,Leggos Fresh Roasted Pumpkin  & Feta Ravioli 630g,$9.00,$1.43 / 100G,/shop/productdetails/765451/leggo-s-fresh-roasted-pumpkin-feta-ravioli
452082,Woolworths Camembert Cheese 125g,$3.40,$27.20 / 1KG,/shop/productdetails/452082/woolworths-camembert-cheese
216872,A2 Full Cream Milk 1l,$3.80,$3.80 / 1L,/shop/productdetails/216872/a2-milk-full-cream-milk
554891,Nakula Coconut Yoghurt Natural 500g,$6.00,$1.20 / 100G,/shop/productdetails/554891/nakula-coconut-yoghurt-natural
176549,Red Rock Deli Classics Mexican Style Salsa & Guacamole 190g,$4.40,$2.32 / 100G,/shop/productdetails/176549/red-rock-deli-classics-mexican-style-salsa-guacamole
239472,Starbucks Frappuccino Mocha Iced Coffee 280ml,$3.60,$12.86 / 1L,/shop/productdetails/239472/starbucks-frappuccino-mocha-iced-coffee
71615,Tablelands Buttery Spread 1kg,$6.20,$0.62 / 100G,/shop/productdetails/71615/tablelands-buttery-spread
212043,Dari's Chunky Minestrone Soup 550g,$5.00,$0.91 / 100G,/shop/productdetails/212043/dari-s-chunky-minestrone-soup
406591,Zanetti Pecorino Romano 200g,$12.50,$62.50 / 1KG,/shop/productdetails/406591/zanetti-pecorino-romano
804284,Devondale Thickened Cream Long Life 250ml,$3.60,$1.44 / 100ML,/shop/productdetails/804284/devondale-thickened-cream-long-life
266707,Gippsland Dairy Twist Yoghurt Blueberry 700g,$5.00,$0.71 / 100G,/shop/productdetails/266707/gippsland-dairy-twist-yoghurt-blueberry
694762,Woolworths Swiss Light Cheese Slices 200g,$5.00,$25.00 / 1KG,/shop/productdetails/694762/woolworths-swiss-light-cheese-slices
226581,Nevana Pizza Base 12 Pack,$4.80,$0.69 / 100G,/shop/productdetails/226581/nevana-pizza-base
239184,Yumi's Classic Veggie Burgers 220g,$6.00,$27.27 / 1KG,/shop/productdetails/239184/yumi-s-classic-veggie-burgers
272090,Chobani No Sugar Added Greek Yogurt Mixed Berry 150g,$2.50,$1.67 / 100G,/shop/productdetails/272090/chobani-no-sugar-added-greek-yogurt-mixed-berry
272107,Chobani No Sugar Added Greek Yogurt Vanilla 150g,$2.50,$1.67 / 100G,/shop/productdetails/272107/chobani-no-sugar-added-greek-yogurt-vanilla
244051,Ultimate Danone Double Cream Yoghurt Summer Tropical 115g X 4 Pack,$4.50,$0.98 / 100G,/shop/productdetails/244051/ultimate-danone-double-cream-yoghurt-summer-tropical
242387,Farmers Union Plus Passionfruit Yogurt 160g,$1.90,$1.19 / 100G,/shop/productdetails/242387/farmers-union-plus-passionfruit-yogurt
326264,Yumi's Kalamata Olive Dip 200g,$3.50,$1.75 / 100G,/shop/productdetails/326264/yumi-s-kalamata-olive-dip
15439,Olive Grove Classic Spread 500g,$5.65,$1.13 / 100G,/shop/productdetails/15439/olive-grove-classic-spread
786816,Farmers Own Full Cream Milk 3l,$5.85,$1.95 / 1L,/shop/productdetails/786816/farmers-own-full-cream-milk
688515,Woolworths Mozzarella Cheese 350g,$6.00,$17.14 / 1KG,/shop/productdetails/688515/woolworths-mozzarella-cheese
15791,Devondale Extra Soft Butter Blend 500g,$7.50,$1.50 / 100G,/shop/productdetails/15791/devondale-extra-soft-butter-blend
88352,Senza Gluten Free Pizza Base 220g,$3.50,$1.59 / 100G,/shop/productdetails/88352/senza-gluten-free-pizza-base
5033,Latina Fresh Lasagne Sheets Sheets 375g,$6.00,$1.60 / 100G,/shop/productdetails/5033/latina-fresh-lasagne-sheets-sheets
65255,Unreal Co. Plant Based Beefy Brat Sausages 350g,$6.50,$18.57 / 1KG,/shop/productdetails/65255/unreal-co-plant-based-beefy-brat-sausages
238299,Chobani Oat Milk Barista Edition 1l,$5.00,$5.00 / 1L,/shop/productdetails/238299/chobani-oat-milk-barista-edition
155962,Vitasoy Oat Milky 1l,$3.50,$3.50 / 1L,/shop/productdetails/155962/vitasoy-oat-milky
84764,Woolworths Evaporated Milk 385ml,$2.00,$5.19 / 1L,/shop/productdetails/84764/woolworths-evaporated-milk
260988,Bega Tasty Grated Cheese 300g,$7.00,$23.33 / 1KG,/shop/productdetails/260988/bega-tasty-grated-cheese
48016,Meadowlea Original Spread 500g,$4.00,$0.80 / 100G,/shop/productdetails/48016/meadowlea-original-spread
810775,Rana Pumpkin & Onion Ravioli Pasta 325g,$8.00,$2.46 / 100G,/shop/productdetails/810775/rana-pumpkin-onion-ravioli-pasta
773801,Sss Foods Hommus Natural 225g,$3.80,$1.69 / 100G,/shop/productdetails/773801/sss-foods-hommus-natural
769907,Bega Tasty Grated Cheese 500g,$8.50,$17.00 / 1KG,/shop/productdetails/769907/bega-tasty-grated-cheese
223865,Lurpak Slightly Salted Spreadable Butter 250g,$4.80,$1.92 / 100G,/shop/productdetails/223865/lurpak-slightly-salted-spreadable-butter
120673,Woolworths Extra Tasty Cheese & Crackers 120g,$4.40,$36.67 / 1KG,/shop/productdetails/120673/woolworths-extra-tasty-cheese-crackers
215395,Yumi's Minis Spiced Pumpkin & Spinach 100g,$3.00,$30.00 / 1KG,/shop/productdetails/215395/yumi-s-minis-spiced-pumpkin-spinach
267245,Gippsland Dairy Twist Yoghurt Mango & Blood Orange 700g,$5.00,$0.71 / 100G,/shop/productdetails/267245/gippsland-dairy-twist-yoghurt-mango-blood-orange
267260,Chobani Greek Yogurt Tropical Fruit 160g,$2.00,$1.25 / 100G,/shop/productdetails/267260/chobani-greek-yogurt-tropical-fruit
751425,Beyond Meat Beyond Burger Plant Based Patties 226g,$9.00,$39.82 / 1KG,/shop/productdetails/751425/beyond-meat-beyond-burger-plant-based-patties
679072,Bio Cheese Dairy Free Feta 200g,$7.20,$36.00 / 1KG,/shop/productdetails/679072/bio-cheese-dairy-free-feta
382737,Woolworths Lite Milk 1l,$1.60,$1.60 / 1L,/shop/productdetails/382737/woolworths-lite-milk
780372,Woolworths Beetroot Fresh Beetroot 500g,$5.00,$10.00 / 1KG,/shop/productdetails/780372/woolworths-beetroot-fresh-beetroot
19673,Yumi's Tuna Mousse Dip 200g,$6.00,$3.00 / 100G,/shop/productdetails/19673/yumi-s-tuna-mousse-dip
512321,Devondale Extra Soft Butter Blend 750g,$9.95,$1.33 / 100G,/shop/productdetails/512321/devondale-extra-soft-butter-blend
669044,Hedy's Fresh Quiche Spinach & Feta Chilled Meal 1.1kg,$14.50,$1.32 / 100G,/shop/productdetails/669044/hedy-s-fresh-quiche-spinach-feta-chilled-meal
619376,Nakula Coconut Yoghurt Mango 500g,$6.00,$1.20 / 100G,/shop/productdetails/619376/nakula-coconut-yoghurt-mango
267732,Chobani Greek Yogurt Coconut 160g,$2.00,$1.25 / 100G,/shop/productdetails/267732/chobani-greek-yogurt-coconut
28700,Chris' Dips Spring Onion 200g,$4.50,$2.25 / 100G,/shop/productdetails/28700/chris-dips-spring-onion
838738,Woolworths Light Thickened Cream 600ml,$4.50,$0.75 / 100ML,/shop/productdetails/838738/woolworths-light-thickened-cream
304116,Latina Fresh Kids Mini Ravioli Pasta Beef & Vegetable 200g,$6.00,$3.00 / 100G,/shop/productdetails/304116/latina-fresh-kids-mini-ravioli-pasta-beef-vegetable
453306,Woolworths Sandwich Cheese Slices 1kg,$12.50,$12.50 / 1KG,/shop/productdetails/453306/woolworths-sandwich-cheese-slices
271208,Dairy Farmers Thick & Creamy Mandarin Orange Yoghurt 150g,$1.80,$1.20 / 100G,/shop/productdetails/271208/dairy-farmers-thick-creamy-mandarin-orange-yoghurt
659436,Jalna Whole Milk Yoghurt Lactose Free Natural 1kg,$8.80,$0.88 / 100G,/shop/productdetails/659436/jalna-whole-milk-yoghurt-lactose-free-natural
28325,Rana Basil & Pine Nuts Tortellini Pasta 325g,$8.00,$2.46 / 100G,/shop/productdetails/28325/rana-basil-pine-nuts-tortellini-pasta
72546,Philadelphia Original Cream Cheese Twin Block 500g,$10.00,$20.00 / 1KG,/shop/productdetails/72546/philadelphia-original-cream-cheese-twin-block
620882,Chris' Traditional French Onion 200g,$4.50,$2.25 / 100G,/shop/productdetails/620882/chris-traditional-french-onion
312417,Bulla Dollop Thick Cream Cup 200ml,$3.80,$1.90 / 100ML,/shop/productdetails/312417/bulla-dollop-thick-cream-cup
174718,Primo Trios Mild Salami Cheese & Pretzels 50g,$4.25,$85.00 / 1KG,/shop/productdetails/174718/primo-trios-mild-salami-cheese-pretzels
581054,Home Chef Quiche Lorraine Chilled Meal 200g,$5.00,$2.50 / 100G,/shop/productdetails/581054/home-chef-quiche-lorraine-chilled-meal
309214,South Cape Trilogy Herb Sundried Vintage Cheddar Cheese 140g,$6.50,$46.43 / 1KG,/shop/productdetails/309214/south-cape-trilogy-herb-sundried-vintage-cheddar-cheese
744831,Meadowlea Original Spread Original 1kg,$7.00,$0.70 / 100G,/shop/productdetails/744831/meadowlea-original-spread-original
453303,Woolworths Natural Cheese Sticks 160g,$5.50,$34.38 / 1KG,/shop/productdetails/453303/woolworths-natural-cheese-sticks
463034,Jalna Sweet & Creamy Yoghurt Coconut 1kg,$8.30,$0.83 / 100G,/shop/productdetails/463034/jalna-sweet-creamy-yoghurt-coconut
612012,Gippsland Dairy Twist Yoghurt Lemon Curd 160g,$1.50,$0.94 / 100G,/shop/productdetails/612012/gippsland-dairy-twist-yoghurt-lemon-curd
310679,Devondale 100% Pure Full Cream Long Life Milk 150ml,$1.30,$8.67 / 1L,/shop/productdetails/310679/devondale-100-pure-full-cream-long-life-milk
48462,Devondale Dairy Soft Butter Blend 500g,$7.50,$1.50 / 100G,/shop/productdetails/48462/devondale-dairy-soft-butter-blend
807018,Vitasoy Almond Milk Chocolate 330ml,$2.60,$7.88 / 1L,/shop/productdetails/807018/vitasoy-almond-milk-chocolate
678110,Toscano Tiramisu Twin 60g X2 Pack,$6.00,$5.00 / 100G,/shop/productdetails/678110/toscano-tiramisu-twin
40709,Bega Farmers' Tasty Cheese 250g,$7.00,$28.00 / 1KG,/shop/productdetails/40709/bega-farmers-tasty-cheese
122169,Rana Four Cheese Tortellini 565g,$10.00,$1.77 / 100G,/shop/productdetails/122169/rana-four-cheese-tortellini
453301,Woolworths Cheese & Crackers Light Tasty 50g Each,$1.90,$38.00 / 1KG,/shop/productdetails/453301/woolworths-cheese-crackers-light-tasty
57222,Mainland Buttersoft Pure Salt Reduced Butter 375g,$7.50,$2.00 / 100G,/shop/productdetails/57222/mainland-buttersoft-pure-salt-reduced-butter
194648,Woolworths Beef Lasagne 2kg,$13.30,$6.65 / 1KG,/shop/productdetails/194648/woolworths-beef-lasagne-null
575869,Australia's Own Unsweetened Coconut Milk 1l,$3.20,$3.20 / 1L,/shop/productdetails/575869/australia-s-own-unsweetened-coconut-milk
83494,Vitasoy Prebiotic Oat Milk 1l,$3.90,$3.90 / 1L,/shop/productdetails/83494/vitasoy-prebiotic-oat-milk
250729,Woolworths Tasty Cheese Block 250g,$5.00,$20.00 / 1KG,/shop/productdetails/250729/woolworths-tasty-cheese-block
41404,Bulla Cottage Cheese Onion & Chives 200g,$3.80,$19.00 / 1KG,/shop/productdetails/41404/bulla-cottage-cheese-onion-chives
152674,Wildly Good Original Veggie Burgers 250g,$6.00,$24.00 / 1KG,/shop/productdetails/152674/wildly-good-original-veggie-burgers
66394,Foster Clark's Original Recipe Vanilla Flavoured Liquid Custard 1l,$5.80,$0.58 / 100ML,/shop/productdetails/66394/foster-clark-s-original-recipe-vanilla-flavoured-liquid-custard
267143,Chobani Flip Greek Yogurt Gran's Apple Crumble 140g,$3.50,$2.50 / 100G,/shop/productdetails/267143/chobani-flip-greek-yogurt-gran-s-apple-crumble
10634,Latina Fresh Beef Ravioli Pasta 375g,$8.00,$2.13 / 100G,/shop/productdetails/10634/latina-fresh-beef-ravioli-pasta
118213,Simply Eggs 12 Extra Large Cage Free Eggs 700g,N/A,N/A,/shop/productdetails/118213/simply-eggs-12-extra-large-cage-free-eggs
65575,Suntory Boss Coffee Iced Latte 237ml,$4.00,$16.88 / 1L,/shop/productdetails/65575/suntory-boss-coffee-iced-latte
453305,Woolworths Processed Cheese Slices Smokey 250g,$3.70,$14.80 / 1KG,/shop/productdetails/453305/woolworths-processed-cheese-slices-smokey
701667,Macro Organic Rice Milk 1l,$1.65,$1.65 / 1L,/shop/productdetails/701667/macro-organic-rice-milk
793391,Pureharvest Coco Quench Coconut Milk 1l,$3.50,$3.50 / 1L,/shop/productdetails/793391/pureharvest-coco-quench-coconut-milk
660390,Vitasoy Almond Milky 1l,$3.00,$3.00 / 1L,/shop/productdetails/660390/vitasoy-almond-milky
229861,Chobani Oat Yogurt Vanilla Dairy Free 500g,$6.50,$1.30 / 100G,/shop/productdetails/229861/chobani-oat-yogurt-vanilla
162880,Hedy's Fresh Quiche Lorraine Chilled Meal 1.1kg,$14.50,$1.32 / 100G,/shop/productdetails/162880/hedy-s-fresh-quiche-lorraine-chilled-meal
209144,Liddells Skim Long Life Milk Lactose Free 1l,$3.00,$3.00 / 1L,/shop/productdetails/209144/liddells-skim-long-life-milk-lactose-free
365569,Macro Organic Full Cream Milk 1l,$2.60,$2.60 / 1L,/shop/productdetails/365569/macro-organic-full-cream-milk
264660,Gippsland Dairy Twist Yoghurt Toffee & Honeycomb 700g,$5.00,$0.71 / 100G,/shop/productdetails/264660/gippsland-dairy-twist-yoghurt-toffee-honeycomb
581055,Home Chef Spinach & Feta Quiche Chilled Meal 200g,$5.00,$2.50 / 100G,/shop/productdetails/581055/home-chef-spinach-feta-quiche-chilled-meal
703453,Chris' Dips Traditional Hommus 200g,$4.50,$2.25 / 100G,/shop/productdetails/703453/chris-dips-traditional-hommus
432784,Chris' Heritage Goat Cheese & Black Truffle Dip 170g,$7.00,$4.12 / 100G,/shop/productdetails/432784/chris-heritage-goat-cheese-black-truffle-dip
265587,Yoplait Yop Strawberry Jam Donut Flavoured Yoghurt 130g,$1.80,$1.38 / 100G,/shop/productdetails/265587/yoplait-yop-strawberry-jam-donut-flavoured-yoghurt
92955,Pace Farm 12 Jumbo Free Range Eggs 800g,$8.40,$1.05 / 100G,/shop/productdetails/92955/pace-farm-12-jumbo-free-range-eggs
646134,Woolworths Spaghetti Bolognese Chilled Meal 350g,$7.00,$2.00 / 100G,/shop/productdetails/646134/woolworths-spaghetti-bolognese-chilled-meal
224796,Mainland On The Go Special Reserve Cheese And Crackers 50g,$3.00,$60.00 / 1KG,/shop/productdetails/224796/mainland-on-the-go-special-reserve-cheese-and-crackers
547136,Bulla Sour Cream Light 400ml,$5.50,$1.38 / 100ML,/shop/productdetails/547136/bulla-sour-cream-light
224762,Woolworths 12 Large Free Range Eggs 600g,$4.80,$0.80 / 100G,/shop/productdetails/224762/woolworths-12-large-free-range-eggs
194348,Flora Proactiv Cholesterol Lowering Margarine Spread Light 500g,$10.00,$2.00 / 100G,/shop/productdetails/194348/flora-proactiv-cholesterol-lowering-margarine-spread-light
239185,Yumi's Roasted Veggie Burger Patties 2 Pack,$6.00,$27.27 / 1KG,/shop/productdetails/239185/yumi-s-roasted-veggie-burger-patties
263672,Sanitarium So Good Long Life Regular Soy Milk 250ml X3 Pack,$3.60,$4.80 / 1L,/shop/productdetails/263672/sanitarium-so-good-long-life-regular-soy-milk
67182,The Sauce By Manu Mushroom 150g,$5.25,$3.50 / 100G,/shop/productdetails/67182/the-sauce-by-manu-mushroom
681525,Bulla Sour Cream Light Lactose Free 200g,$4.10,$2.05 / 100G,/shop/productdetails/681525/bulla-sour-cream-light-lactose-free
249085,Woolworths Greek Style Yoghurt 2kg,$8.75,$0.44 / 100G,/shop/productdetails/249085/woolworths-greek-style-yoghurt
652060,Woolworths Spaghetti Bolognese Bolognese Chilled Meal 1.1kg,$13.50,$1.23 / 100G,/shop/productdetails/652060/woolworths-spaghetti-bolognese-bolognese-chilled-meal
155151,Woolworths Spreadable Light Cream Cheese 250g,$3.10,$12.40 / 1KG,/shop/productdetails/155151/woolworths-spreadable-light-cream-cheese
761604,Almond Breeze Unsweetened Almond Milk 1l,$3.00,$3.00 / 1L,/shop/productdetails/761604/almond-breeze-unsweetened-almond-milk
791784,Kraft Singles Light 25% Less Fat 432g,$7.50,$17.36 / 1KG,/shop/productdetails/791784/kraft-singles-light-25-less-fat
104400,Primo Duos Cabanossi & Cheese Snack 50g,$4.25,$85.00 / 1KG,/shop/productdetails/104400/primo-duos-cabanossi-cheese-snack
896940,Coyo Organic Coconut Yoghurt Natural 500g,$8.50,$1.70 / 100G,/shop/productdetails/896940/coyo-organic-coconut-yoghurt-natural
161084,Jalna Farm To Pot Organic Greek Yoghurt 1kg,$8.80,$0.88 / 100G,/shop/productdetails/161084/jalna-farm-to-pot-organic-greek-yoghurt
175034,Suntory Boss Iced Coffee Double Espresso 237ml,$4.00,$16.88 / 1L,/shop/productdetails/175034/suntory-boss-iced-coffee-double-espresso
112826,Wildly Good Sweetcorn & Spring Onion Veggie Fritter Bites 210g,$6.00,$2.86 / 100G,/shop/productdetails/112826/wildly-good-sweetcorn-spring-onion-veggie-fritter-bites
293187,Norco Reduced Fat Milk 2l,$4.50,$2.25 / 1L,/shop/productdetails/293187/norco-reduced-fat-milk
275782,Cocobella Protein Yoghurt Vanilla 160g,$2.90,$1.81 / 100G,/shop/productdetails/275782/cocobella-protein-yoghurt-vanilla
793384,Sanitarium So Good Long Life Unsweetened Almond Coconut Milk 1l,$2.90,$2.90 / 1L,/shop/productdetails/793384/sanitarium-so-good-long-life-unsweetened-almond-coconut-milk
212722,Vitasoy Oat Milk Cafe Latte 330ml,$2.60,$7.88 / 1L,/shop/productdetails/212722/vitasoy-oat-milk-cafe-latte
765218,Obela Hommus Smooth Classic 220g,$4.00,$1.82 / 100G,/shop/productdetails/765218/obela-hommus-smooth-classic
856823,Obela Classic Guacamole 220g,$5.50,$2.50 / 100G,/shop/productdetails/856823/obela-classic-guacamole
263854,Chris' Dips Corn Relish 200g,$4.50,$2.25 / 100G,/shop/productdetails/263854/chris-dips-corn-relish
66122,Suntory Boss Coffee Iced Long Black 237ml,$4.00,$16.88 / 1L,/shop/productdetails/66122/suntory-boss-coffee-iced-long-black
267031,Vitasoy Greek Style Soy Yogurt Hint Of Strawberry 450g,$5.80,$1.29 / 100G,/shop/productdetails/267031/vitasoy-greek-style-soy-yogurt-hint-of-strawberry
696351,Woolworths Apricot & Almond Cream Cheese 200g,$3.90,$19.50 / 1KG,/shop/productdetails/696351/woolworths-apricot-almond-cream-cheese
780072,Obela Hommus To Go Roasted Capsicum & Sakata Crackers 125g,$3.50,$2.80 / 100G,/shop/productdetails/780072/obela-hommus-to-go-roasted-capsicum-sakata-crackers
118746,Easiyo Greek Style Unsweetened Yogurt Base 170g,$5.70,$3.35 / 100G,/shop/productdetails/118746/easiyo-greek-style-unsweetened-yogurt-base
195185,Kehoe's Kitchen Beetroot Sauerkraut 410g,$10.00,$24.39 / 1KG,/shop/productdetails/195185/kehoe-s-kitchen-beetroot-sauerkraut
215475,Strength Meals Co High Protein Hearty Beef Soup 400g,$4.70,$1.18 / 100G,/shop/productdetails/215475/strength-meals-co-high-protein-hearty-beef-soup
28189,Chan's Yum Cha Vegan Fried Gyoza 300g,$5.50,$1.83 / 100G,/shop/productdetails/28189/chan-s-yum-cha-vegan-fried-gyoza
317090,Steggles Pastry Chicken Enchilada Mexican Chilled Meal 500g,$9.00,$18.00 / 1KG,/shop/productdetails/317090/steggles-pastry-chicken-enchilada-mexican-chilled-meal
140165,Thomas Dux Spanish Truffle Sheep's Cheese 150g,$8.40,$56.00 / 1KG,/shop/productdetails/140165/thomas-dux-spanish-truffle-sheep-s-cheese
109483,Australia's Own A2 Protein Full Cream Uht Milk 1l,$2.50,$2.50 / 1L,/shop/productdetails/109483/australia-s-own-a2-protein-full-cream-uht-milk
44977,Latina Fresh Ricotta & Spinach Agnolotti Pasta 625g,$8.50,$1.36 / 100G,/shop/productdetails/44977/latina-fresh-ricotta-spinach-agnolotti-pasta
67142,Mainland Otg Extra Tasty Artisan Cheese & Crackers 38g,$3.00,$78.95 / 1KG,/shop/productdetails/67142/mainland-otg-extra-tasty-artisan-cheese-crackers
652062,Woolworths Fettuccine Carbonara Chilled Meal 350g,$7.00,$2.00 / 100G,/shop/productdetails/652062/woolworths-fettuccine-carbonara-chilled-meal
85588,Woolworths Shaved Parmesan 250g,$6.50,$26.00 / 1KG,/shop/productdetails/85588/woolworths-shaved-parmesan
87467,Thomas Dux Triple Cream Brie 200g,$5.50,$27.50 / 1KG,/shop/productdetails/87467/thomas-dux-triple-cream-brie
33599,Kraft Grated Parmesan Cheese Cheese 125g,$5.00,$40.00 / 1KG,/shop/productdetails/33599/kraft-grated-parmesan-cheese-cheese
828744,Woolworths Classic Potato Mash 475g,$6.00,$1.26 / 100G,/shop/productdetails/828744/woolworths-classic-potato-mash-null
293933,Dare Double Espresso Iced Coffee Iced Coffee 750ml,$4.90,$6.53 / 1L,/shop/productdetails/293933/dare-double-espresso-iced-coffee-iced-coffee
110892,Strength Meals Co Chicken Stroganoff Chilled Meal 350g,$9.95,$2.84 / 100G,/shop/productdetails/110892/strength-meals-co-chicken-stroganoff-chilled-meal
65246,Wildly Good Smoky Cauliflower VeggieBurgers 250g,$6.00,$24.00 / 1KG,/shop/productdetails/65246/wildly-good-smoky-cauliflower-veggie-burgers
647386,Riverina Dairy Full Cream Fetta 1kg,$17.50,$17.50 / 1KG,/shop/productdetails/647386/riverina-dairy-full-cream-fetta
805079,Ruffie Rustic Foods Smoky Bacon Leek & Cheddar Quiche 2 Pack,$14.00,$3.50 / 100G,/shop/productdetails/805079/ruffie-rustic-foods-smoky-bacon-leek-cheddar-quiche
10384,Oak Chocolate Milk 2l,$5.50,$2.75 / 1L,/shop/productdetails/10384/oak-chocolate-milk
14894,Latina Fresh Creamy Sun-dried Tomato Pasta Sauce 425g,$7.50,$1.76 / 100G,/shop/productdetails/14894/latina-fresh-creamy-sun-dried-tomato-pasta-sauce
698619,Woolworths Roasted Vegetable Quiche Chilled Meal 700g,$14.00,$2.00 / 100G,/shop/productdetails/698619/woolworths-roasted-vegetable-quiche-chilled-meal
59790,Pace Farm 12 Extra Large Cage Free Eggs 700g,$6.10,$0.87 / 100G,/shop/productdetails/59790/pace-farm-12-extra-large-cage-free-eggs
324006,Zanetti Parmigiano Reggiano 200g,$10.00,$50.00 / 1KG,/shop/productdetails/324006/zanetti-parmigiano-reggiano-parmigiano-reggiano
96422,Philadelphia Light Cream Cheese Spread Tub 250g,$5.70,$22.80 / 1KG,/shop/productdetails/96422/philadelphia-light-cream-cheese-spread-tub
260099,Pureharvest Organic Almond Milk 1l,$2.00,$2.00 / 1L,/shop/productdetails/260099/pureharvest-organic-almond-milk
665751,Woolworths Buttermilk 600ml,$2.50,$4.17 / 1L,/shop/productdetails/665751/woolworths-buttermilk
239834,The Salad Servers Roast Tomato & White Bean Couscous' 300g,$6.95,$2.32 / 100G,/shop/productdetails/239834/the-salad-servers-roast-tomato-white-bean-couscous-
243662,New South Wales Yoghurt Co Mango Yoghurt Tub 700g,$7.40,$1.06 / 100G,/shop/productdetails/243662/new-south-wales-yoghurt-co-mango-yoghurt-tub
176313,Primo Mini Mix Ups Paw Patrol Ham Cheese & Choc Chip Cookies 35g,$3.75,$107.14 / 1KG,/shop/productdetails/176313/primo-mini-mix-ups-paw-patrol-ham-cheese-choc-chip-cookies
695868,Woolworths Garlic Bread Slices 270g,$3.60,$1.33 / 100G,/shop/productdetails/695868/woolworths-garlic-bread-slices
272312,Yoplait Protein Vanilla Yoghurt 2 Pack,$3.25,$1.00 / 100G,/shop/productdetails/272312/yoplait-protein-vanilla-yoghurt
145537,Dairy Farmers Shape Skim Milk 1l,$2.95,$2.95 / 1L,/shop/productdetails/145537/dairy-farmers-shape-skim-milk
173193,Easiyo Sweet Vanilla Yoghurt Base 230g,$5.70,$2.48 / 100G,/shop/productdetails/173193/easiyo-sweet-vanilla-yoghurt-base
827205,Woolworths Beef Tortellini With Creamy Mushroom Sauce Chilled Meal 350g,$7.00,$2.00 / 100G,/shop/productdetails/827205/woolworths-beef-tortellini-with-creamy-mushroom-sauce-chilled-meal
118212,Plantein Plant Based Garlic Kievs 300g,N/A,N/A,/shop/productdetails/118212/plantein-plant-based-garlic-kievs
295443,Babybel Mini Cheese Portions 100g,$5.00,$50.00 / 1KG,/shop/productdetails/295443/babybel-mini-cheese-portions
243895,Moo Greek Style Yoghurt & Granola Honey 170g,$3.00,$1.76 / 100G,/shop/productdetails/243895/moo-greek-style-yoghurt-granola-honey
32198,Mainland Tasty Cheese 500g,$10.00,$20.00 / 1KG,/shop/productdetails/32198/mainland-tasty-cheese
370962,Flora Proactiv Margarine Spread Buttery 500g,$10.00,$2.00 / 100G,/shop/productdetails/370962/flora-proactiv-margarine-spread-buttery
206063,Yallamundi Farm 6 Large Organic Free Range Eggs 300g,$6.80,$2.27 / 100G,/shop/productdetails/206063/yallamundi-farm-6-large-organic-free-range-eggs
619358,Nakula Coconut Yoghurt Passionfruit 500g,$6.00,$1.20 / 100G,/shop/productdetails/619358/nakula-coconut-yoghurt-passionfruit
240587,Willow Farm Snacking Hommus Dip 3 Pack,$2.20,$1.22 / 100G,/shop/productdetails/240587/willow-farm-snacking-hommus-dip
304103,Latina Fresh Kids Mini Ravioli Pasta Cheese & Vegetable 200g,$6.00,$3.00 / 100G,/shop/productdetails/304103/latina-fresh-kids-mini-ravioli-pasta-cheese-vegetable
66303,Chris' Dips Sundried Tomato 200g,$4.50,$2.25 / 100G,/shop/productdetails/66303/chris-dips-sundried-tomato
136462,Woolworths Shredded Mozzarella Cheddar & Pecorino Blend 250g,$5.00,$20.00 / 1KG,/shop/productdetails/136462/woolworths-shredded-mozzarella-cheddar-pecorino-blend
696354,Woolworths Spring Onion & Chive Cream Cheese 200g,$3.90,$19.50 / 1KG,/shop/productdetails/696354/woolworths-spring-onion-chive-cream-cheese
30475,Liddells Low Fat Long Life Milk Lactose Free 1l,$3.00,$3.00 / 1L,/shop/productdetails/30475/liddells-low-fat-long-life-milk-lactose-free
198332,Impossible Plant Based Beef Mince 340g,N/A,N/A,/shop/productdetails/198332/impossible-plant-based-beef-mince
67242,Mainland Otg Tasty Artisan Cheese & Crackers 38g,$3.00,$78.95 / 1KG,/shop/productdetails/67242/mainland-otg-tasty-artisan-cheese-crackers
373846,Evia Natural Yoghurt No Added Sugar 700g,$6.50,$0.93 / 100G,/shop/productdetails/373846/evia-natural-yoghurt-no-added-sugar
370480,Babybel Cheese Portions 200g,$11.20,$56.00 / 1KG,/shop/productdetails/370480/babybel-cheese-portions
167097,Liddells Lactose Free Probiotic Yoghurt Mango 700g,$7.25,$1.04 / 100G,/shop/productdetails/167097/liddells-lactose-free-probiotic-yoghurt-mango
271406,Chobani No Sugar Added Greek Yogurt Mango Passion Fruit 150g,$2.50,$1.67 / 100G,/shop/productdetails/271406/chobani-no-sugar-added-greek-yogurt-mango-passion-fruit
932567,Chris' Dips French Onion 60g X3 Pack,$4.00,$2.22 / 100G,/shop/productdetails/932567/chris-dips-french-onion
143647,Chris' Plant Based French Onion Dip 200g,$4.50,$2.25 / 100G,/shop/productdetails/143647/chris-plant-based-french-onion-dip
276195,Vaalia Probiotics Yoghurt Tropical Fruit 4 Pack,$4.00,$0.67 / 100G,/shop/productdetails/276195/vaalia-probiotics-yoghurt-tropical-fruit
165367,Woolworths 12 Extra Large Cage Free Eggs 700g,$4.60,$0.66 / 100G,/shop/productdetails/165367/woolworths-12-extra-large-cage-free-eggs
155190,Califia Farms Oat Barista Blend Uht Milk 1l,$4.90,$4.90 / 1L,/shop/productdetails/155190/califia-farms-oat-barista-blend-uht-milk
150173,Nestle Carnation Lite Cooking Cream 300ml,$3.50,$11.67 / 1L,/shop/productdetails/150173/nestle-carnation-lite-cooking-cream
122433,Sugo Tu Pizza Dough Chilled 200g,$2.70,$1.35 / 100G,/shop/productdetails/122433/sugo-tu-pizza-dough-chilled
205511,"Yumi's Choice Guacamole, Spring Onion & Jalapeno Dip 150g",$4.50,$3.00 / 100G,/shop/productdetails/205511/yumi-s-choice-guacamole-spring-onion-jalapeno-dip
145566,Fantastic Fresh Noodles Hokkien 450g,$2.50,$0.56 / 100G,/shop/productdetails/145566/fantastic-fresh-noodles-hokkien
239677,The Salad Servers Asian Style Noodles With Crunchy Vegetables 450g,$8.80,$1.96 / 100G,/shop/productdetails/239677/the-salad-servers-asian-style-noodles-with-crunchy-vegetables
872611,Nakula Organic Yoghurt Natural Unsweetened 1kg,$10.00,$1.00 / 100G,/shop/productdetails/872611/nakula-organic-yoghurt-natural-unsweetened
225586,Primo Mini Mix Ups Baby Shark Mild Twiggy Bites Cheese & Pretzels 35g,$3.75,$107.14 / 1KG,/shop/productdetails/225586/primo-mini-mix-ups-baby-shark-mild-twiggy-bites-cheese-pretzels
179689,Sugo Tu Pizza Sauce Chilled 150g,$2.25,$1.50 / 100G,/shop/productdetails/179689/sugo-tu-pizza-sauce-chilled
470294,Creative Foods Chilled Garlic Bread 2 Pack 500g,$4.80,$0.96 / 100G,/shop/productdetails/470294/creative-foods-chilled-garlic-bread-2-pack
56591,Norco Full Cream Milk 3l,$5.95,$1.98 / 1L,/shop/productdetails/56591/norco-full-cream-milk
828746,Woolworths Roasted Garlic Mash 475g,$6.00,$1.26 / 100G,/shop/productdetails/828746/woolworths-roasted-garlic-mash-null
110878,Strength Meals Co Lemon Herb Chicken Chilled Meal 350g,$9.95,$2.84 / 100G,/shop/productdetails/110878/strength-meals-co-lemon-herb-chicken-chilled-meal
374553,Bulla Creme Fraiche 200ml,$5.00,$2.50 / 100ML,/shop/productdetails/374553/bulla-creme-fraiche-creme-fraiche
33379,Foster Clark's Custard Powder 350g,$2.75,$0.79 / 100G,/shop/productdetails/33379/foster-clark-s-custard-powder
520533,La Famiglia Garlic Bread Just For 2 170g,$3.00,$1.76 / 100G,/shop/productdetails/520533/la-famiglia-garlic-bread-just-for-2
243822,Moo Greek Style Yoghurt & Granola Vanilla Bean 170g,$3.00,$1.76 / 100G,/shop/productdetails/243822/moo-greek-style-yoghurt-granola-vanilla-bean
769459,Perfect Italiano 4 Cheese Melt 450g,$9.00,$20.00 / 1KG,/shop/productdetails/769459/perfect-italiano-4-cheese-melt
267553,Gippsland Dairy Twist Yoghurt Mixed Berry 700g,$5.00,$0.71 / 100G,/shop/productdetails/267553/gippsland-dairy-twist-yoghurt-mixed-berry
324007,Zanetti Firm Parmesan Cheese Grana Padano 200g,$10.00,$50.00 / 1KG,/shop/productdetails/324007/zanetti-firm-parmesan-cheese-grana-padano
808121,Mersey Valley Classic Cheese 80g,$4.80,$60.00 / 1KG,/shop/productdetails/808121/mersey-valley-classic-cheese
125330,Nakula Organic Coconut Milk Yoghurt With Probiotics Vanilla 1kg,$10.00,$1.00 / 100G,/shop/productdetails/125330/nakula-organic-coconut-milk-yoghurt-with-probiotics-vanilla
690810,The Collective Probiotic Kefir Pourable Yoghurt Mango Turmeric 700g,$5.50,$0.79 / 100G,/shop/productdetails/690810/the-collective-probiotic-kefir-pourable-yoghurt-mango-turmeric
964767,Castello Double Cream Truffle Brie 150g,$8.00,$53.33 / 1KG,/shop/productdetails/964767/castello-double-cream-truffle
213427,V2 Plant Based Spaghetti Bolognese 350g,$9.00,$2.57 / 100G,/shop/productdetails/213427/v2-plant-based-spaghetti-bolognese
76010,Woolworths Cheese & Crackers Extra Tasty 50g,$1.90,$38.00 / 1KG,/shop/productdetails/76010/woolworths-cheese-crackers-extra-tasty
216867,A2 Light Milk 1l,$3.80,$3.80 / 1L,/shop/productdetails/216867/a2-milk-light-milk
363392,Manning Valley 12 Jumbo Free Range Eggs 800g,$7.90,$0.99 / 100G,/shop/productdetails/363392/manning-valley-12-jumbo-free-range-eggs
696355,Woolworths Sweet Chilli Cream Cheese 200g,$3.90,$19.50 / 1KG,/shop/productdetails/696355/woolworths-sweet-chilli-cream-cheese
135205,Woolworths Stone Baked Garlic Naan Bread 2 Pack,$3.25,$1.08 / 100G,/shop/productdetails/135205/woolworths-stone-baked-garlic-naan-bread-null
230871,Jalna Greek Natural Yoghurt Plus Prebiotics 1kg,$8.80,$0.88 / 100G,/shop/productdetails/230871/jalna-greek-natural-yoghurt-plus-prebiotics
224937,Woolworths Extra Tasty Cheese Block 250g,$5.00,$20.00 / 1KG,/shop/productdetails/224937/woolworths-extra-tasty-cheese-block
161983,Woolworths Creamy Tomato Pasta Salad Kit 600g,$9.50,$1.58 / 100G,/shop/productdetails/161983/woolworths-creamy-tomato-pasta-salad-kit
844412,Leggos Fresh Ricotta & Spinach Agnolotti 630g,$9.00,$1.43 / 100G,/shop/productdetails/844412/leggo-s-fresh-ricotta-spinach-agnolotti
173166,Easiyo Strawberry Flavour Yoghurt Base 230g,$5.70,$2.48 / 100G,/shop/productdetails/173166/easiyo-strawberry-flavour-yoghurt-base
346546,Laughing Cow Cheese Light 128g,$5.00,$39.06 / 1KG,/shop/productdetails/346546/laughing-cow-cheese-light
331450,Pauls Double Thick Custard French Vanilla 900g,$6.80,$0.76 / 100G,/shop/productdetails/331450/pauls-double-thick-custard-french-vanilla
48124,Pura Thick Cream Dollop 300ml,$4.30,$1.43 / 100ML,/shop/productdetails/48124/pura-thick-cream-dollop
172786,Woolworths Australian Tasty Cheese & Mild Salami Slices 40g,$2.30,$57.50 / 1KG,/shop/productdetails/172786/woolworths-australian-tasty-cheese-mild-salami-slices
858232,Philadelphia Original Cream Cheese Spread Tub 140g,$4.00,$28.57 / 1KG,/shop/productdetails/858232/philadelphia-original-cream-cheese-spread-tub
151777,Thomas Dux Truffle Brie 125g,$5.00,$40.00 / 1KG,/shop/productdetails/151777/thomas-dux-truffle-brie
846994,Oatly Oat Milk Original 1l,$4.50,$4.50 / 1L,/shop/productdetails/846994/oatly-oat-milk-original
144408,Dairy Farmers Light Milk 1l,$2.95,$2.95 / 1L,/shop/productdetails/144408/dairy-farmers-light-milk
367791,Macro Organic Salted Butter 250g,$4.90,$1.96 / 100G,/shop/productdetails/367791/macro-organic-salted-butter
213014,Philadelphia Sweet Chilli Cream Cheese Pourover Tub 250g,$4.50,$1.80 / 100G,/shop/productdetails/213014/philadelphia-sweet-chilli-cream-cheese-pourover-tub
150443,Nestle Carnation Creamy Evaporated Milk 340ml,$3.00,$8.82 / 1L,/shop/productdetails/150443/nestle-carnation-creamy-evaporated-milk
664036,Obela Hommus 1kg,$8.00,$0.80 / 100G,/shop/productdetails/664036/obela-hommus
583617,Woolworths Cook Cauliflower Broccoli & Carrot With Herb Butter 200g,N/A,N/A,/shop/productdetails/583617/woolworths-cook-cauliflower-broccoli-carrot-with-herb-butter
92236,Plantitude Chicken Free Crumbed Schnitzels 300g,$6.50,$21.67 / 1KG,/shop/productdetails/92236/plantitude-chicken-free-crumbed-schnitzels
120672,Woolworths Light Tasty Cheese & Crackers 120g,$4.40,$36.67 / 1KG,/shop/productdetails/120672/woolworths-light-tasty-cheese-crackers
807863,Devondale 3 Cheese Blend Shredded Cheese 600g,$12.00,$20.00 / 1KG,/shop/productdetails/807863/devondale-3-cheese-blend-shredded-cheese
13916,Chris' Dips Avocado 200g,$4.50,$2.25 / 100G,/shop/productdetails/13916/chris-dips-avocado
769404,Dairyworks Colby Cheese & Rice Crackers 4x120g,$5.00,$41.67 / 1KG,/shop/productdetails/769404/dairyworks-colby-cheese-rice-crackers
93235,Jarlsberg Sliced Cheese Per Kg,$34.00,$34.00 / 1KG,/shop/productdetails/93235/jarlsberg-sliced-cheese
763453,Flora Proactiv Margarine Buttery 750g,$10.80,$1.44 / 100G,/shop/productdetails/763453/flora-proactiv-margarine-buttery
81583,Thomas Dux English Vintage Cheddar 200g,$5.00,$25.00 / 1KG,/shop/productdetails/81583/thomas-dux-english-vintage-cheddar
166625,Cheer Cheese Block Tasty 1kg,$14.95,$14.95 / 1KG,/shop/productdetails/166625/cheer-cheese-block-tasty
261245,Primo Cheesy Kabana Cheese & Arnotts Shapes 53g,$4.25,$80.19 / 1KG,/shop/productdetails/261245/primo-cheesy-kabana-cheese-arnotts-shapes
662836,Nutty Bruce Organic Unsweetened AlmondPlantMilk 1l,$6.00,$6.00 / 1L,/shop/productdetails/662836/nutty-bruce-organic-unsweetened-almond-plant-milk
690709,The Collective Probiotic Kefir Pourable Yoghurt Natural 700g,$5.50,$0.79 / 100G,/shop/productdetails/690709/the-collective-probiotic-kefir-pourable-yoghurt-natural
213436,V2 Plant Based Lasagne 350g,$9.00,$2.57 / 100G,/shop/productdetails/213436/v2-plant-based-lasagne
85680,"Woolworths Sliced Mild Salami With Tasty Cheese, Garlic Stuffed Olives 60g",$3.30,$55.00 / 1KG,/shop/productdetails/85680/woolworths-sliced-mild-salami-with-tasty-cheese-garlic-stuffed-olives
302570,Mainland Munchables Tasty Cheese & Crackers 4 Pack,$7.00,$58.33 / 1KG,/shop/productdetails/302570/mainland-munchables-tasty-cheese-crackers
194713,Primo Trios Cheesy Kabana Cheese & Pretzels 53g,$4.25,$80.19 / 1KG,/shop/productdetails/194713/primo-trios-cheesy-kabana-cheese-pretzels
240228,Willow Farm Avocado Dip 200g,$2.50,$1.25 / 100G,/shop/productdetails/240228/willow-farm-avocado-dip
212806,Rana Creamy Pumpkin & Cheese Tortellini 565g,$10.00,$1.77 / 100G,/shop/productdetails/212806/rana-creamy-pumpkin-cheese-tortellini
757826,Farmers Own Full Cream Homogenised 2l,$3.95,$1.98 / 1L,/shop/productdetails/757826/farmers-own-full-cream-homogenised
172574,Lemnos Crumbled Fetta Pouch Traditional 150g,$6.00,$40.00 / 1KG,/shop/productdetails/172574/lemnos-crumbled-fetta-pouch-traditional
862996,Macro Organic Unsalted Butter 250g,$4.90,$1.96 / 100G,/shop/productdetails/862996/macro-organic-unsalted-butter
242766,New South Wales Yoghurt Co. Blueberry Yoghurt 700g,$7.40,$1.06 / 100G,/shop/productdetails/242766/new-south-wales-company-new-south-wales-yoghurt-co-blueberry-yoghurt
204747,Pauls Smarter White Milk 1l,$3.10,$3.10 / 1L,/shop/productdetails/204747/pauls-smarter-white-milk
717519,La Famiglia Garlic Bread Sourdough 480g,$6.00,$1.25 / 100G,/shop/productdetails/717519/la-famiglia-garlic-bread-sourdough
578498,Dairyworks Tasty Cheese & Rice Cracker 10 Pack,$11.00,$36.67 / 1KG,/shop/productdetails/578498/dairyworks-tasty-cheese-rice-cracker
239518,The Salad Servers Creamy Basil Pesto Pot With Sundried Tomato 500g,$8.80,$1.76 / 100G,/shop/productdetails/239518/the-salad-servers-creamy-basil-pesto-pot-with-sundried-tomato
83287,Vitasoy Prebiotic Almond Milk 1l,$3.90,$3.90 / 1L,/shop/productdetails/83287/vitasoy-prebiotic-almond-milk
243852,Moo Greek Style Yoghurt & Granola Strawberry 170g,$3.00,$1.76 / 100G,/shop/productdetails/243852/moo-greek-style-yoghurt-granola-strawberry
176963,Plantein Plant Based Sweet Chilli Tenders 300g,N/A,N/A,/shop/productdetails/176963/plantein-plant-based-sweet-chilli-tenders
348698,Woolworths Gouda Cheese Slices 200g,$5.00,$25.00 / 1KG,/shop/productdetails/348698/woolworths-gouda-cheese-slices
259644,Arnott's Chicken Crimpy Shapes Cracker Biscuits & Cheese 32g,$3.20,$100.00 / 1KG,/shop/productdetails/259644/arnott-s-chicken-crimpy-shapes-cracker-biscuits-cheese
28703,Chris' Dips Spicy Capsicum 200g,$4.50,$2.25 / 100G,/shop/productdetails/28703/chris-dips-spicy-capsicum
205101,Cocobella Dairy Free Coconut Yoghurt Mango 500g,$4.50,$0.90 / 100G,/shop/productdetails/205101/cocobella-dairy-free-coconut-yoghurt-mango
249137,Dare Double Espresso Iced Coffee Iced Coffee 500ml,$3.00,$6.00 / 1L,/shop/productdetails/249137/dare-double-espresso-iced-coffee-iced-coffee
780390,Perfect Italiano Grated Mozzarella Cheese 450g,$9.00,$20.00 / 1KG,/shop/productdetails/780390/perfect-italiano-grated-mozzarella-cheese
730941,Macro Organic Almond Milk 1l,$2.50,$2.50 / 1L,/shop/productdetails/730941/macro-organic-almond-milk
203577,Pure Harvest Organic Oat Creamy 1l,$2.00,$2.00 / 1L,/shop/productdetails/203577/pure-harvest-organic-oat-creamy
970291,Moondarra Cream Cheese Honey & Pistachio 120g,$3.90,$32.50 / 1KG,/shop/productdetails/970291/moondarra-cream-cheese-honey-pistachio
320268,Nuttelex Olive Table Spread 500g,$5.30,$1.06 / 100G,/shop/productdetails/320268/nuttelex-olive-table-spread
827226,Woolworths Ricotta & Spinach Cannelloni Chilled Meal 700g,$13.50,$1.93 / 100G,/shop/productdetails/827226/woolworths-ricotta-spinach-cannelloni-chilled-meal
208803,Yumi's Choice Rocket & Basil Pesto With Roasted Almonds Dip 150g,$4.50,$3.00 / 100G,/shop/productdetails/208803/yumi-s-choice-rocket-basil-pesto-with-roasted-almonds-dip
110543,Primo Mini Mix Ups Paw Patrol Mild Salami Cheese & Cookies 35g,$3.75,$107.14 / 1KG,/shop/productdetails/110543/primo-mini-mix-ups-paw-patrol-mild-salami-cheese-cookies
238297,Grand Italian Gitf 4 Cheese Tortellini Tortellini 325g,$6.00,$1.85 / 100G,/shop/productdetails/238297/grand-italian-gitf-4-cheese-tortellini-tortellini
95422,Maggie Beer Truffle Triple Cream Brie 200g,$11.80,$59.00 / 1KG,/shop/productdetails/95422/maggie-beer-truffle-triple-cream-brie
790009,Dairy Farmers Thick & Creamy Caramelised Fig Yoghurt 600g,$5.00,$0.83 / 100G,/shop/productdetails/790009/dairy-farmers-thick-creamy-caramelised-fig-yoghurt
85692,Woolworths Habanero Cheese Slices With Mild Salami & Crackers 50g,$3.30,$66.00 / 1KG,/shop/productdetails/85692/woolworths-habanero-cheese-slices-with-mild-salami-crackers
799093,Dairylea Fridge Sticks Cheese 160g,$5.00,$31.25 / 1KG,/shop/productdetails/799093/dairylea-fridge-sticks-cheese
118215,Made With Plants Shredded Mozzarella Dairy Free 200g,$6.00,$30.00 / 1KG,/shop/productdetails/118215/made-with-plants-shredded-mozzarella-dairy-free
140985,Flora Proactiv Margarine Spread Original 500g,$10.00,$2.00 / 100G,/shop/productdetails/140985/flora-proactiv-margarine-spread-original
681781,Dairyworks Cheddar Cheese Burger Slices 200g,$6.00,$30.00 / 1KG,/shop/productdetails/681781/dairyworks-cheddar-cheese-burger-slices
814850,Sunfed Chicken Free Chicken 300g,$10.00,$33.33 / 1KG,/shop/productdetails/814850/sunfed-chicken-free-chicken
305741,South Cape Trilogy Onion Chives & Smoked Cheddar Cheese 140g,$6.50,$46.43 / 1KG,/shop/productdetails/305741/south-cape-trilogy-onion-chives-smoked-cheddar-cheese
295649,Woolworths Light Whipped Cream 250g,$5.60,$2.24 / 100G,/shop/productdetails/295649/woolworths-light-whipped-cream
267204,Chobani No Sugar Added Greek Yogurt Vanilla 680g,$5.40,$0.79 / 100G,/shop/productdetails/267204/chobani-no-sugar-added-greek-yogurt-vanilla
56962,Olive Grove Lite Spread 500g,$5.65,$1.13 / 100G,/shop/productdetails/56962/olive-grove-lite-spread
176914,Bega Lactose Free Grated Cheese 300g,$7.00,$23.33 / 1KG,/shop/productdetails/176914/bega-lactose-free-grated-cheese
820977,Woolworths Vanilla Custard Powder 300g,$2.50,$0.83 / 100G,/shop/productdetails/820977/woolworths-vanilla-custard-powder
226469,Perfect Italiano Extra Sharp Parmesan Cheese 200g,$5.50,$27.50 / 1KG,/shop/productdetails/226469/perfect-italiano-extra-sharp-parmesan-cheese
110876,Strength Meals Co Braised Beef Ragu Chilled Meal 350g,$9.95,$2.84 / 100G,/shop/productdetails/110876/strength-meals-co-braised-beef-ragu-chilled-meal
211285,Coyo Organic Coconut Yoghurt Vanilla Bean 900g,$12.00,$1.33 / 100G,/shop/productdetails/211285/coyo-organic-coconut-yoghurt-vanilla-bean
247153,Flora Margarine Spread Buttery 500g,$4.50,$0.90 / 100G,/shop/productdetails/247153/flora-margarine-spread-buttery
668984,Meredith Dairy Goat's Cheese Chevre Plain 80g,$5.00,$62.50 / 1KG,/shop/productdetails/668984/meredith-dairy-goat-s-cheese-chevre-plain
755203,"Red Rock Deli Basil Pesto, Pecorino & Cashews 150g",$4.00,$2.67 / 100G,/shop/productdetails/755203/red-rock-deli-basil-pesto-pecorino-cashews
243334,New South Wales Yoghurt Co Apple & Cinnamon Yoghurt Tub 700g,$7.40,$1.06 / 100G,/shop/productdetails/243334/new-south-wales-yoghurt-co-apple-cinnamon-yoghurt-tub
153077,Grand Italian Tuscan Finest Vodka Tomato Fresh Pasta Sauce 250g,$4.50,$1.80 / 100G,/shop/productdetails/153077/grand-italian-tuscan-finest-vodka-tomato-fresh-pasta-sauce
233135,Nuttelex Lite Margarine Spread 500g,$5.20,$1.04 / 100G,/shop/productdetails/233135/nuttelex-lite-margarine-spread
334934,Devondale Shredded Mozzarella Cheese 600g,$12.00,$20.00 / 1KG,/shop/productdetails/334934/devondale-shredded-mozzarella-cheese
85967,Thomas Dux Dutch Smoked Cheese 200g,$5.00,$25.00 / 1KG,/shop/productdetails/85967/thomas-dux-dutch-smoked-cheese
270310,Yoplait Lactose Free Vanilla Yoghurt 6 Pack,$6.00,$0.63 / 100G,/shop/productdetails/270310/yoplait-lactose-free-vanilla-yoghurt
150167,Macro Organic Coconut Milk Unsweetened 1l,$2.20,$2.20 / 1L,/shop/productdetails/150167/macro-organic-coconut-milk-unsweetened
787650,Obela Hommus Garnished With Zesty Jalapenos 220g,$4.00,$1.82 / 100G,/shop/productdetails/787650/obela-hommus-garnished-with-zesty-jalapenos
85169,Bonsoy Almond Milk 1l,$4.80,$4.80 / 1L,/shop/productdetails/85169/bonsoy-almond-milk
930997,Jarlsberg Original Cheese Slices Sliced Cheese 150g,$7.50,$50.00 / 1KG,/shop/productdetails/930997/jarlsberg-original-cheese-slices-sliced-cheese
224795,Mainland On The Go Tasty Cheese And Crackers 50g,$3.00,$60.00 / 1KG,/shop/productdetails/224795/mainland-on-the-go-tasty-cheese-and-crackers
137574,Perfect Italiano Mexican Style Grated Cheese 150g,$3.50,$23.33 / 1KG,/shop/productdetails/137574/perfect-italiano-mexican-style-grated-cheese
28697,Pauls Custard Vanilla 2kg,$8.80,$0.44 / 100G,/shop/productdetails/28697/pauls-custard-vanilla-custard
66922,Perfect Italiano Grated Mozzarella 150g,$3.50,$23.33 / 1KG,/shop/productdetails/66922/perfect-italiano-grated-mozzarella
276959,Tamar Valley Spiced Apple Caramel Yoghurt 700g,$7.50,$1.07 / 100G,/shop/productdetails/276959/tamar-valley-spiced-apple-caramel-yoghurt
243868,Wicked Sister Sundae Caramel Crunch 110g,$3.75,$3.41 / 100G,/shop/productdetails/243868/wicked-sister-sundae-caramel-crunch
108593,Australia's Own A2 Full Cream Uht Milk 6 Pack,$5.00,$4.17 / 1L,/shop/productdetails/108593/australia-s-own-a2-full-cream-uht-milk
276225,Chobani No Sugar Added Greek Yogurt Strawberry 680g,$5.40,$0.79 / 100G,/shop/productdetails/276225/chobani-no-sugar-added-greek-yogurt-strawberry
26888,Dare No Added SugarDouble Espresso Iced Coffee 750ml,$4.90,$6.53 / 1L,/shop/productdetails/26888/dare-no-added-sugar-double-espresso-iced-coffee
66302,Chris' Dips Sweet Potato & Cashew 200g,$4.50,$2.25 / 100G,/shop/productdetails/66302/chris-dips-sweet-potato-cashew
805078,Ruffie Rustic Foods Zucchini Frittata 2 Pack,$14.00,$3.50 / 100G,/shop/productdetails/805078/ruffie-rustic-foods-zucchini-frittata
255405,Dare Espresso Iced Coffee Iced Coffee 750ml,$4.90,$6.53 / 1L,/shop/productdetails/255405/dare-espresso-iced-coffee-iced-coffee
253846,Mainland On The Go Tasty Cheese And Crackers 4 Pack,$7.00,$58.33 / 1KG,/shop/productdetails/253846/mainland-on-the-go-tasty-cheese-and-crackers
211134,Lemnos Smooth Fetta Cheese 200g,$6.50,$32.50 / 1KG,/shop/productdetails/211134/lemnos-smooth-fetta-cheese
830497,Woolworths Butter Chicken With Rice Chilled Meal 350g,$7.00,$2.00 / 100G,/shop/productdetails/830497/woolworths-butter-chicken-with-rice-chilled-meal
222878,Arnott's Jatz Cracker Biscuits & Tasty Cheese 33g,$3.20,$96.97 / 1KG,/shop/productdetails/222878/arnott-s-jatz-cracker-biscuits-tasty-cheese
271265,Cocobella Protein Yoghurt Passionfruit 160g,$2.90,$1.81 / 100G,/shop/productdetails/271265/cocobella-protein-yoghurt-passionfruit
152653,Made With Plants Shredded Cheddar Dairy Free 200g,$6.00,$30.00 / 1KG,/shop/productdetails/152653/made-with-plants-shredded-cheddar-dairy-free
242260,Cocobella Coconut Yogurt Blueberry 500g,$4.50,$0.90 / 100G,/shop/productdetails/242260/cocobella-coconut-yogurt-blueberry
244191,Mersey Valley Classic Cheddar Cheese 235g,$6.90,$29.36 / 1KG,/shop/productdetails/244191/mersey-valley-classic-cheddar-cheese
789358,Woolworths Skim Milk Powder 1kg,$10.00,$1.00 / 100G,/shop/productdetails/789358/woolworths-skim-milk-powder
48019,Flora Margarine Spread Original 500g,$4.50,$0.90 / 100G,/shop/productdetails/48019/flora-margarine-spread-original
807871,Mainland Vintage Block 400g,$10.00,$25.00 / 1KG,/shop/productdetails/807871/mainland-vintage-block
153170,Minor Figures Minor Figures Barista Oat Uht Milk 1l,$4.80,$4.80 / 1L,/shop/productdetails/153170/minor-figures-barista-oat-uht-milk
810868,Rana Porcini Mushroom Ravioli Pasta 325g,$8.00,$2.46 / 100G,/shop/productdetails/810868/rana-porcini-mushroom-ravioli-pasta
780861,Jase's Kitchen Pizza Base 2 Pack,$4.50,$0.75 / 100G,/shop/productdetails/780861/jase-s-kitchen-pizza-base
787662,Obela Hommus Garnished With Roasted Pinenut 220g,$4.00,$1.82 / 100G,/shop/productdetails/787662/obela-hommus-garnished-with-roasted-pinenut
90922,Antoniou Fillo Pastry 375g,$4.50,$1.20 / 100G,/shop/productdetails/90922/antoniou-fillo-pastry
807870,Mainland Extra Tasty Block 500g,$10.00,$20.00 / 1KG,/shop/productdetails/807870/mainland-extra-tasty-block
611883,Castello Greek Style Cheese 430g,$6.00,$13.95 / 1KG,/shop/productdetails/611883/castello-greek-style-cheese
59789,Pace Farm Liberty Eggs 6 Large Cage Free Eggs 330g,N/A,N/A,/shop/productdetails/59789/pace-farm-liberty-eggs-6-large-cage-free-eggs
24329,Snowdonia Black Bomber Cheddar 150g,$9.50,$63.33 / 1KG,/shop/productdetails/24329/snowdonia-black-bomber-cheddar
732059,La Casa Del Formaggio Fresh Mozzarella 125g,$3.00,$24.00 / 1KG,/shop/productdetails/732059/la-casa-del-formaggio-fresh-mozzarella
244792,Activia Danone Probiotic Yoghurt No Added Sugar Peach 125g X 4 Pack,$5.75,$1.15 / 100G,/shop/productdetails/244792/activia-danone-probiotic-yoghurt-no-added-sugar-peach
207950,Yumi's Choice Red Capsicum Pesto With Roasted Cashews Dip 150g,$4.50,$3.00 / 100G,/shop/productdetails/207950/yumi-s-choice-red-capsicum-pesto-with-roasted-cashews-dip
111943,Nestle Chocolate Mousse 62gx 2 Pack,$2.80,$2.26 / 100G,/shop/productdetails/111943/nestle-chocolate-mousse-mousse
637441,Picasso Kitchen Pizza Base 260g,$2.50,$0.96 / 100G,/shop/productdetails/637441/picasso-kitchen-pizza-base
151917,Nestle Carnation Light & Creamy Evaporated Milk 340ml,$3.00,$8.82 / 1L,/shop/productdetails/151917/nestle-carnation-light-creamy-evaporated-milk
43562,Pauls Custard Vanilla 1kg,$5.40,$0.54 / 100G,/shop/productdetails/43562/pauls-custard-vanilla-custard
63865,Perfect Italiano Perfect Pizza Cheese 150g,$3.50,$23.33 / 1KG,/shop/productdetails/63865/perfect-italiano-perfect-pizza-cheese
113938,"Picante Fresh Avocado With Capsicum, Chives & Lime 170g",$4.50,$2.65 / 100G,/shop/productdetails/113938/picante-fresh-avocado-with-capsicum-chives-lime
135503,Woolworths Sweet Corn Fritters 200g,$6.50,$3.25 / 100G,/shop/productdetails/135503/woolworths-sweet-corn-fritters-null
763671,Woolworths Mascarpone Cheese 250g,$4.80,$19.20 / 1KG,/shop/productdetails/763671/woolworths-mascarpone-cheese
335534,Latina Fresh Roast Chicken & Garlic Ravioli Pasta 625g,$8.50,$1.36 / 100G,/shop/productdetails/335534/latina-fresh-roast-chicken-garlic-ravioli-pasta
102477,Woolworths Marinated Danish Fetta Cheese In Herb & Garlic 300g,$6.10,$20.33 / 1KG,/shop/productdetails/102477/woolworths-marinated-danish-fetta-cheese-in-herb-garlic
106509,Australia's Own Barista Macadamia Milk 1l,$4.00,$4.00 / 1L,/shop/productdetails/106509/australia-s-own-barista-macadamia-milk
85924,Jarlsberg Shaved Cheese Per Kg,$34.00,$34.00 / 1KG,/shop/productdetails/85924/jarlsberg-shaved-cheese
243783,Moo Greek Style Yoghurt & Granola Blueberry 170g,$3.00,$1.76 / 100G,/shop/productdetails/243783/moo-greek-style-yoghurt-granola-blueberry
110534,Primo Mini Mix Ups Paw Patrol Chicken Breast Cheese & Cookie 35g,$3.75,$107.14 / 1KG,/shop/productdetails/110534/primo-mini-mix-ups-paw-patrol-chicken-breast-cheese-cookie
272114,Yoplait Lactose Free Vanilla Yoghurt 950g,$5.00,$0.53 / 100G,/shop/productdetails/272114/yoplait-lactose-free-vanilla-yoghurt
261043,Dare Espresso Iced Coffee Iced Coffee 2l,$6.00,$3.00 / 1L,/shop/productdetails/261043/dare-espresso-iced-coffee-iced-coffee
741042,Liddells Lactose Free Shredded Cheese 250g,$7.00,$28.00 / 1KG,/shop/productdetails/741042/liddells-lactose-free-shredded-cheese
57620,Foster Clark's Snak Pack Chocolate Flavoured Custard Pouch 120g,$1.90,$1.58 / 100G,/shop/productdetails/57620/foster-clark-s-snak-pack-chocolate-flavoured-custard-pouch
243809,Liddells Lactose Free Probiotic Yoghurt Tropical 140g X 4 Pack,$6.20,$1.11 / 100G,/shop/productdetails/243809/liddells-lactose-free-probiotic-yoghurt-tropical
932579,Chris' Dips Hommus 60g X3 Pack,$3.75,$2.08 / 100G,/shop/productdetails/932579/chris-dips-hommus
678120,Toscano Double Choc Mousse Twin 60g X2 Pack,$6.00,$5.00 / 100G,/shop/productdetails/678120/toscano-double-choc-mousse-twin
243181,New South Wales Yoghurt Co Honey Yoghurt Tub 700g,$7.40,$1.06 / 100G,/shop/productdetails/243181/new-south-wales-yoghurt-co-honey-yoghurt-tub
177989,"Chris' Sundried Tomato, Cashew & Feta 170g",$7.00,$4.12 / 100G,/shop/productdetails/177989/chris-sundried-tomato-cashew-feta
166522,Cheer Cheese Slices Tasty 250g,$6.20,$24.80 / 1KG,/shop/productdetails/166522/cheer-cheese-slices-tasty
214829,25 Degrees South Baby Spinach And Fetta Ravioli Pasta 325g,$9.00,$2.77 / 100G,/shop/productdetails/214829/25-degrees-south-baby-spinach-and-fetta-ravioli-pasta
263846,Chris' Dips Cheese & Chive 200g,$4.50,$2.25 / 100G,/shop/productdetails/263846/chris-dips-cheese-chive
238393,Grand Italian Tuscans Finest Slow Cooked Angus Beef Ravioli 325g,$6.00,$1.85 / 100G,/shop/productdetails/238393/grand-italian-tuscans-finest-slow-cooked-angus-beef-ravioli
526950,Woolworths Light Tasty Cheese Block 250g,$5.00,$20.00 / 1KG,/shop/productdetails/526950/woolworths-light-tasty-cheese-block
618612,Leggos Fresh Pasta Sauce Bolognese 450g,$6.00,$1.33 / 100G,/shop/productdetails/618612/leggo-s-fresh-pasta-sauce-bolognese
156065,The Sauce By Manu Diane Sauce 150g,$5.25,$3.50 / 100G,/shop/productdetails/156065/the-sauce-by-manu-diane-sauce
269086,Five:am Organic Yoghurt Strawberry 1kg,$7.60,$0.76 / 100G,/shop/productdetails/269086/five-am-organic-yoghurt-strawberry
49949,Pura Double Cream 300ml,$5.65,$1.88 / 100ML,/shop/productdetails/49949/pura-double-cream
85679,Woolworths Tasty Cheese Cubes & Mini Pretzels 35g,$2.30,$65.71 / 1KG,/shop/productdetails/85679/woolworths-tasty-cheese-cubes-mini-pretzels
65697,Frico Maasdam Swiss Style Cheese 330g,$7.20,$21.82 / 1KG,/shop/productdetails/65697/frico-maasdam-swiss-style-cheese
117739,Suntory Boss Coffee Iced Vanilla Latte 237ml,$4.00,$16.88 / 1L,/shop/productdetails/117739/suntory-boss-coffee-iced-vanilla-latte
810778,Woolworths Traditional Bocconcini 220g,$4.80,$21.82 / 1KG,/shop/productdetails/810778/woolworths-traditional-bocconcini
281853,Lurpak Lighter Blend Spreadable Butter 250g,$4.80,$1.92 / 100G,/shop/productdetails/281853/lurpak-lighter-blend-spreadable-butter
954528,Bio Cheese Dairy Free Cheddar Slices 200g,$9.00,$45.00 / 1KG,/shop/productdetails/954528/bio-cheese-dairy-free-cheddar-slices
226463,Bega So Light 50% Reduced Fat Cheese Slices 30 Pack,$9.50,$19.00 / 1KG,/shop/productdetails/226463/bega-so-light-50-reduced-fat-cheese-slices
773802,Sss Foods Hommus Coriander Cummin & Mild Chilli 225g,$3.80,$1.69 / 100G,/shop/productdetails/773802/sss-foods-hommus-coriander-cummin-mild-chilli
306605,South Cape Greek Style Fetta 200g,$6.50,$32.50 / 1KG,/shop/productdetails/306605/south-cape-greek-style-fetta
703614,"Red Rock Deli Dip Roasted Red Capsicum, Pecorino, Cashews & Basil 150g",$4.00,$2.67 / 100G,/shop/productdetails/703614/red-rock-deli-dip-roasted-red-capsicum-pecorino-cashews-basil
166326,Cheer Aussie Jack Burger Slices 250g,$6.20,$24.80 / 1KG,/shop/productdetails/166326/cheer-aussie-jack-burger-slices
47649,Flora Margarine Spread Light 500g,$4.50,$0.90 / 100G,/shop/productdetails/47649/flora-margarine-spread-light-margarine
48824,Castello Blue Cheese Creamy 150g,$7.50,$50.00 / 1KG,/shop/productdetails/48824/castello-blue-cheese-creamy
40284,Dare Espresso Iced Coffee Iced Coffee 500ml,$3.00,$6.00 / 1L,/shop/productdetails/40284/dare-espresso-iced-coffee-iced-coffee
272146,Yoplait Protein Strawberry Yoghurt 950g,$7.50,$0.79 / 100G,/shop/productdetails/272146/yoplait-protein-strawberry-yoghurt
757097,Brancourts Cottage Cheese Classic 250g,$4.80,$19.20 / 1KG,/shop/productdetails/757097/brancourts-cottage-cheese-classic
238702,Meet Plant Based Chicken Free Strips 250g,$5.00,$20.00 / 1KG,/shop/productdetails/238702/meet-plant-based-chicken-free-strips
109361,Australia's Own Full Cream Long Life Milk 200ml X6 Pack,$4.00,$3.33 / 1L,/shop/productdetails/109361/australia-s-own-full-cream-long-life-milk
193761,Devondale Colby Cheese Block 625g,$12.00,$19.20 / 1KG,/shop/productdetails/193761/devondale-colby-cheese-block
176903,Mainland Cheese & Lavosh Crackers Caramelised Onion 36g,$3.00,$83.33 / 1KG,/shop/productdetails/176903/mainland-cheese-lavosh-crackers-caramelised-onion
255377,Philadelphia Light Cooking Cream Tub 240ml,$3.30,$1.38 / 100ML,/shop/productdetails/255377/philadelphia-light-cooking-cream-tub
94712,Dairy Farmers Thickened Cream 300ml,$3.00,$1.00 / 100ML,/shop/productdetails/94712/dairy-farmers-thickened-cream
316080,Norco Full Cream Milk 1l,$2.60,$2.60 / 1L,/shop/productdetails/316080/norco-full-cream-milk
299265,Pilpel Dip Hummous 350g,$6.50,$1.86 / 100G,/shop/productdetails/299265/pilpel-dip-hummous
272321,Australia's Own Barista Soy Milk 1l,$3.50,$3.50 / 1L,/shop/productdetails/272321/australia-s-own-barista-soy-milk
11076,Dare No Added SugarDouble Espresso Iced Coffee 500ml,$3.00,$6.00 / 1L,/shop/productdetails/11076/dare-no-added-sugar-double-espresso-iced-coffee
476794,Sanitarium So Good Chilled Unsweetened Almond Milk 1l,$4.20,$4.20 / 1L,/shop/productdetails/476794/sanitarium-so-good-chilled-unsweetened-almond-milk
827474,Woolworths Rosemary Lamb Shanks Chilled Meal 800g,$18.00,$2.25 / 100G,/shop/productdetails/827474/woolworths-rosemary-lamb-shanks-chilled-meal
688517,Woolworths Smokey Chipotle Cheddar & Tasty Cheese Shredded Blend 250g,$5.00,$20.00 / 1KG,/shop/productdetails/688517/woolworths-smokey-chipotle-cheddar-tasty-cheese-shredded-blend
763149,La Casa Fresh Mozzarella Cheese 200g,$6.00,$30.00 / 1KG,/shop/productdetails/763149/la-casa-fresh-mozzarella-cheese
81586,Thomas Dux Grana Padano 14 Months 250g,$8.50,$34.00 / 1KG,/shop/productdetails/81586/thomas-dux-grana-padano-14-months
67594,Flora Proactiv Cholesterol Lowering Margarine Spread Original 250g,$5.75,$2.30 / 100G,/shop/productdetails/67594/flora-proactiv-cholesterol-lowering-margarine-spread-original
682794,Mainland Munchables Rice Crackers 4 Pack,$7.00,$58.33 / 1KG,/shop/productdetails/682794/mainland-munchables-rice-crackers
71247,Tru Blu Garlic Butter 150g,$3.35,$2.23 / 100G,/shop/productdetails/71247/tru-blu-garlic-butter
210742,Plantry Plant Based Food Co Pad See Ew Meal 350g,$9.00,$2.57 / 100G,/shop/productdetails/210742/plantry-plant-based-food-co-pad-see-ew-meal
28059,Rana Egg Lasagne Pasta 250g,$4.00,$1.60 / 100G,/shop/productdetails/28059/rana-egg-lasagne-pasta
756108,Riverina Dairy Cyprus Style Haloumi 180g,$5.30,$29.44 / 1KG,/shop/productdetails/756108/riverina-dairy-cyprus-style-haloumi
206426,Bega Strong & Bitey Cheese Slices 15 Pack 250g,$7.00,$28.00 / 1KG,/shop/productdetails/206426/bega-strong-bitey-cheese-slices
238198,Strength Meals Co High Protein Slow Cooked Bbq Beef With Rice And Vegetables 350g,$9.95,$2.84 / 100G,/shop/productdetails/238198/strength-meals-co-high-protein-slow-cooked-bbq-beef-with-rice-and-vegetables
98399,Evia Skim Greek Yoghurt 700g,$6.50,$0.93 / 100G,/shop/productdetails/98399/evia-skim-greek-yoghurt
618571,Leggos Fresh Napoli Sauce 450g,$6.00,$1.33 / 100G,/shop/productdetails/618571/leggo-s-fresh-napoli-sauce
485598,Lemnos Cheese Fetta 2 Pack,$6.00,$30.00 / 1KG,/shop/productdetails/485598/lemnos-cheese-fetta
847038,Oatly Oat Milk Chocolate 1l,$4.00,$4.00 / 1L,/shop/productdetails/847038/oatly-oat-milk-chocolate
219550,Sunny Queen Protein Bites Parmesan & Caramelised Onion Frozen 200g,$7.50,$3.75 / 100G,/shop/productdetails/219550/sunny-queen-protein-bites-parmesan-caramelised-onion-frozen
27790,Farmers Union Iced Coffee 600ml,$2.90,$4.83 / 1L,/shop/productdetails/27790/farmers-union-iced-coffee
223867,Lurpak Slightly Salted Butter 250g,$5.80,$2.32 / 100G,/shop/productdetails/223867/lurpak-slightly-salted-butter
965942,Picasso Pizza Dough Ball 250g,$2.50,$1.00 / 100G,/shop/productdetails/965942/picasso-pizza-dough-ball
162588,Lemnos Haloumi Cheese 180g,$7.00,$38.89 / 1KG,/shop/productdetails/162588/lemnos-haloumi-cheese
215556,V2 Plant Based Penne Bake 350g,$9.00,$2.57 / 100G,/shop/productdetails/215556/v2-plant-based-penne-bake
267206,Chobani No Sugar Added Greek Yogurt Mango Passion Fruit 680g,$5.40,$0.79 / 100G,/shop/productdetails/267206/chobani-no-sugar-added-greek-yogurt-mango-passion-fruit
278216,Strength Soup Hearty Chicken 400g,$4.70,$1.18 / 100G,/shop/productdetails/278216/strength-soup-hearty-chicken
85589,Woolworths Parmesan Cheese Block 200g,$6.50,$32.50 / 1KG,/shop/productdetails/85589/woolworths-parmesan-cheese-block
172770,Babybel Mini Cheese Protein 100g,$5.00,$50.00 / 1KG,/shop/productdetails/172770/babybel-mini-cheese-protein
193763,Devondale Tasty Cheese Block 625g,$12.00,$19.20 / 1KG,/shop/productdetails/193763/devondale-tasty-cheese-block
193851,Bega Strong & Bitey Vintage Shredded Cheese 300g,$7.00,$23.33 / 1KG,/shop/productdetails/193851/bega-strong-bitey-vintage-shredded-cheese
678734,Bio Cheese Dairy Free Pizza Shred 200g,$7.20,$36.00 / 1KG,/shop/productdetails/678734/bio-cheese-dairy-free-pizza-shred
140588,Yallamundi Farm Organic 12 Extra Large Free Range Eggs 700g,N/A,N/A,/shop/productdetails/140588/yallamundi-farm-organic-12-extra-large-free
48115,Kraft Cheddar Sandwich Slices 250g,$5.25,$21.00 / 1KG,/shop/productdetails/48115/kraft-cheddar-sandwich-slices-slices-12pk
162581,Lemnos Traditional Fetta 180g,$6.50,$36.11 / 1KG,/shop/productdetails/162581/lemnos-traditional-fetta
663362,Liberty Eggs 18 Large Cage Free Eggs 1kg,$8.90,$0.89 / 100G,/shop/productdetails/663362/liberty-eggs-18-large-cage-free-eggs
155365,Sanitarium So Good Chilled Barista Almond Milk 1l,$4.50,$4.50 / 1L,/shop/productdetails/155365/sanitarium-so-good-chilled-barista-almond-milk
827222,Woolworths Macaroni & Cheese Chilled Meal 350g,$7.00,$2.00 / 100G,/shop/productdetails/827222/woolworths-macaroni-cheese-chilled-meal
48004,Copha Oil Solid Cooking Block 250g,$3.00,$1.20 / 100G,/shop/productdetails/48004/copha-oil-solid-cooking-block
155910,Pauls Bluey Strawberry Milk 250ml,$2.25,$9.00 / 1L,/shop/productdetails/155910/pauls-bluey-strawberry-milk
23779,Liddells Shredded Pizza Blend Cheese Lactose Free 225g,$7.00,$31.11 / 1KG,/shop/productdetails/23779/liddells-shredded-pizza-blend-cheese-lactose-free
381283,Easiyo Greek Style & Coconut Bits Yoghurt Base 240g,$5.70,$2.38 / 100G,/shop/productdetails/381283/easiyo-greek-style-coconut-bits-yoghurt-base
214085,Strength Meals Co High Protein Cajun Chicken 350g,$9.95,$2.84 / 100G,/shop/productdetails/214085/strength-meals-co-high-protein-cajun-chicken
799120,Mainland Organic Butter 250g,$5.50,$2.20 / 100G,/shop/productdetails/799120/mainland-organic-butter
175485,Bega Lactose Free Natural Cheese Slices 250g,$7.00,$28.00 / 1KG,/shop/productdetails/175485/bega-lactose-free-natural-cheese-slices
808368,Dare Triple Espresso Iced Coffee 500ml,$3.00,$6.00 / 1L,/shop/productdetails/808368/dare-triple-espresso-iced-coffee
693325,Woolworths Cottage Pie 350g,$7.00,$2.00 / 100G,/shop/productdetails/693325/woolworths-cottage-pie-null
272145,Five:am Organic Yoghurt Mango 1kg,$7.60,$0.76 / 100G,/shop/productdetails/272145/five-am-organic-yoghurt-mango
170008,Fancy Plants Plant Based Vanilla Rice Pudding 110gx 2pack,$4.40,$2.00 / 100G,/shop/productdetails/170008/fancy-plants-plant-based-vanilla-rice-pudding
244303,Jalna Lactose Free Greek Yogurt 170g,$2.80,$1.65 / 100G,/shop/productdetails/244303/jalna-lactose-free-greek-yogurt
149328,Lurpak Butter Block Slightly Salted 400g,$8.00,$2.00 / 100G,/shop/productdetails/149328/lurpak-butter-block-slightly-salted
404980,Pauls Farmhouse Gold Milk 750ml,$3.20,$4.27 / 1L,/shop/productdetails/404980/pauls-farmhouse-gold-milk
165785,Cheer Cheese Slices Tasty Light 750g,$14.00,$18.67 / 1KG,/shop/productdetails/165785/cheer-cheese-slices-tasty-light
57622,Foster Clark's Snak Pack Vanill Flavoured Custard Pouch 120g,$1.90,$1.58 / 100G,/shop/productdetails/57622/foster-clark-s-snak-pack-vanill-flavoured-custard-pouch
272150,Australia's Own Barista Oat Milk 1l,$4.00,$4.00 / 1L,/shop/productdetails/272150/australia-s-own-barista-oat-milk
312362,Chris' Dips Three Olive 200g,$4.50,$2.25 / 100G,/shop/productdetails/312362/chris-dips-three-olive
48703,Dairy Farmers Buttermilk 600ml,$2.75,$4.58 / 1L,/shop/productdetails/48703/dairy-farmers-buttermilk
549579,Mainland On The Go Snack Caramelised Onion 110g,$5.50,$50.00 / 1KG,/shop/productdetails/549579/mainland-on-the-go-snack-caramelised-onion
238625,Strength Meals Co Bbq Chicken & Rice With Roasted Vegetables 350g,$9.95,$2.84 / 100G,/shop/productdetails/238625/strength-meals-co-bbq-chicken-rice-with-roasted-vegetables
165787,Cheer Cheese Slices Tasty 500g,$11.00,$22.00 / 1KG,/shop/productdetails/165787/cheer-cheese-slices-tasty
762296,Flora Margarine Spread Buttery 1kg,$8.95,$0.90 / 100G,/shop/productdetails/762296/flora-margarine-spread-buttery
238729,Red Rock Deli Classics Cheesy Spinach & Garlic Cob Dip 190g,$4.40,$2.32 / 100G,/shop/productdetails/238729/red-rock-deli-classics-cheesy-spinach-garlic-cob-dip
87468,Thomas Dux Double Cream Camembert 200g,$5.50,$27.50 / 1KG,/shop/productdetails/87468/thomas-dux-double-cream-camembert
681569,Woolworths Family Classics Cottage Pie 1.1kg,$13.50,$1.23 / 100G,/shop/productdetails/681569/woolworths-family-classics-cottage-pie-null
808867,Pureharvest Almond Quench 1l,$3.50,$3.50 / 1L,/shop/productdetails/808867/pureharvest-almond-quench
222887,Arnott's Jatz Cracker Biscuits & Extra Tasty Cheese 33g,$3.20,$96.97 / 1KG,/shop/productdetails/222887/arnott-s-jatz-cracker-biscuits-extra-tasty-cheese
135884,Meredith Dairy Goats Cheese 320g,$12.99,$40.59 / 1KG,/shop/productdetails/135884/meredith-dairy-goats-cheese-in-olive-oil
51344,South Cape Danish Style Fetta 200g,$6.50,$32.50 / 1KG,/shop/productdetails/51344/south-cape-danish-style-fetta
244645,Activia Danone Probiotic Yoghurt No Added Sugar Apple & Rhubarb 125g X 4 Pack,$5.75,$1.15 / 100G,/shop/productdetails/244645/activia-danone-probiotic-yoghurt-no-added-sugar-apple-rhubarb
601864,Almond Breeze Barista Blend Blue Diamond 1l,$3.50,$3.50 / 1L,/shop/productdetails/601864/almond-breeze-barista-blend-blue-diamond
122299,Suntory Boss Coffee Iced Latte Cans 237ml X4 Pack,$12.60,$13.29 / 1L,/shop/productdetails/122299/suntory-boss-coffee-iced-latte-cans
811324,Dairyworks Tasty Cheese Slices 500g,$9.00,$18.00 / 1KG,/shop/productdetails/811324/dairyworks-tasty-cheese-slices
243925,Moo Greek Style Yoghurt & Granola Mango 170g,$3.00,$1.76 / 100G,/shop/productdetails/243925/moo-greek-style-yoghurt-granola-mango
116561,Sa Gourmet Food Co Strawberry Custard 120g,$1.70,$1.42 / 100G,/shop/productdetails/116561/sa-gourmet-food-co-strawberry-custard
215483,Strength Meals Co High Protein Beef Fajitas With Brown Rice 350g,$9.95,$2.84 / 100G,/shop/productdetails/215483/strength-meals-co-high-protein-beef-fajitas-with-brown-rice
48765,Divine Classic Creme Caramel 2x150g,$3.20,$1.07 / 100G,/shop/productdetails/48765/divine-classic-creme-caramel
183624,Free From Gluten & Dairy Garlic Bread 250g,$4.50,$1.80 / 100G,/shop/productdetails/183624/free-from-gluten-dairy-garlic-bread
251571,La Casa Del Formaggio Mozzarella Ball 450g,$8.30,$18.44 / 1KG,/shop/productdetails/251571/la-casa-del-formaggio-mozzarella-ball
236518,La Famiglia Just For 2 Cheesy Garlic Bread 190g,$3.50,$1.84 / 100G,/shop/productdetails/236518/just-for-2-cheesy-garlic-bread
64076,Dairylea Cheestik Sticks 240g,$6.50,$27.08 / 1KG,/shop/productdetails/64076/dairylea-cheestik-sticks
249086,Woolworths Pot Set Greek Style Yoghurt 1k,$6.00,$0.60 / 100G,/shop/productdetails/249086/woolworths-pot-set-greek-style-yoghurt
757009,Brancourts Cottage Cheese Classic 500g,$7.00,$14.00 / 1KG,/shop/productdetails/757009/brancourts-cottage-cheese-classic
24358,Snowdonia Red Storm Red Leicester 150g,$9.50,$63.33 / 1KG,/shop/productdetails/24358/snowdonia-red-storm-red-leicester
245309,Tummify Original Probiotic Shot 4x100ml,$5.50,$1.38 / 100ML,/shop/productdetails/245309/tummify-original-probiotic-shot
161979,Woolworths Beef Lasagne 350g,$7.00,$2.00 / 100G,/shop/productdetails/161979/woolworths-beef-lasagne-null
63581,Perfect Italiano 4 Cheese Melt 150g,$3.50,$23.33 / 1KG,/shop/productdetails/63581/perfect-italiano-4-cheese-melt
239521,A2 Milk Lactose Free Full Cream Milk 2l,$6.80,$3.40 / 1L,/shop/productdetails/239521/a2-milk-lactose-free-full-cream-milk
17280,Dairyworks Tasty Block 500g,$8.00,$16.00 / 1KG,/shop/productdetails/17280/dairyworks-tasty-block
236626,Laughing Cow Cheese Original Wedges 128g,$5.00,$39.06 / 1KG,/shop/productdetails/236626/laughing-cow-cheese-original-wedges
878734,Oak Chocolate Flavoured Milk 3x250ml,$4.35,$5.80 / 1L,/shop/productdetails/878734/oak-chocolate-flavoured-milk
729880,Devondale Sandwich Cheese Slices 500g,$7.50,$15.00 / 1KG,/shop/productdetails/729880/devondale-sandwich-cheese-slices
208397,Nuffin Hommus Dip 200g,$4.00,$2.00 / 100G,/shop/productdetails/208397/nuffin-hommus-dip
260729,Norco Skim Milk 2l,$4.50,$2.25 / 1L,/shop/productdetails/260729/norco-skim-milk
728957,Woolworths Colby Cheese Block 250g,$5.00,$20.00 / 1KG,/shop/productdetails/728957/woolworths-colby-cheese-block
242970,New South Wales Yoghurt Co Lemon Yoghurt Tub 700g,$7.40,$1.06 / 100G,/shop/productdetails/242970/new-south-wales-yoghurt-co-lemon-yoghurt-tub
94130,Sunfed Boar Free Bacon Premium 120g,$6.50,$54.17 / 1KG,/shop/productdetails/94130/sunfed-boar-free-bacon-premium
161993,Woolworths Slow Cooked Beef Ragu Lasagne 700g,$13.50,$19.29 / 1KG,/shop/productdetails/161993/woolworths-slow-cooked-beef-ragu-lasagne-null
221027,Philadelphia Original Cream Cheese Portions Snacks 150g,$4.00,$26.67 / 1KG,/shop/productdetails/221027/philadelphia-original-cream-cheese-portions-snacks
810227,Woolworths Singapore Noodles Chilled Meal 350g,$7.00,$2.00 / 100G,/shop/productdetails/810227/woolworths-singapore-noodles-chilled-meal
805414,Chris' Guacamole 200g,$4.50,$2.25 / 100G,/shop/productdetails/805414/chris-guacamole
218751,"Sunny Queen Mini Fritters Pumpkin, Spinach & Fetta Frozen 200g",$7.50,$3.75 / 100G,/shop/productdetails/218751/sunny-queen-mini-fritters-pumpkin-spinach-fetta-frozen
149671,Olive Grove Buttery Spread With Sea Salt 500g,$5.65,$1.13 / 100G,/shop/productdetails/149671/olive-grove-buttery-spread-with-sea-salt
48293,Flora Margarine Spread Original 1kg,$8.95,$0.90 / 100G,/shop/productdetails/48293/flora-margarine-spread-original
243579,Pauls Chupa Chups Strawberry Cream Custard 170g,$3.00,$1.76 / 100G,/shop/productdetails/243579/pauls-chupa-chups-strawberry-cream-custard
207328,A2 Milk Full Cream Uht Milk 1l,$3.50,$3.50 / 1L,/shop/productdetails/207328/a2-milk-full-cream-uht-milk
214863,La Famiglia Garlic Bread 250g,$3.00,$1.20 / 100G,/shop/productdetails/214863/la-famiglia-garlic-bread
67192,Easiyo Natural Unsweetened Yogurt Base 140g,$5.70,$4.07 / 100G,/shop/productdetails/67192/easiyo-natural-unsweetened-yogurt-base
140770,Sunny Queen 12 Extra Large Organic Free Range Eggs 700g,N/A,N/A,/shop/productdetails/140770/sunny-queen-12-extra-large-organic-free-range-eggs
98070,Philadelphia Light Cream Cheese Block 250g,$5.70,$22.80 / 1KG,/shop/productdetails/98070/philadelphia-light-cream-cheese-block
149214,Woolworths Dollop Cream 300ml,$4.40,$1.47 / 100ML,/shop/productdetails/149214/woolworths-dollop-cream
845773,Latina Fresh Gluten Free Ricotta & Spinach Ravioli Pasta 280g,$8.75,$3.13 / 100G,/shop/productdetails/845773/latina-fresh-gluten-free-ricotta-spinach-ravioli-pasta
310370,Easiyo Low Fat Greek Style Yogurt Base 170g,$5.70,$3.35 / 100G,/shop/productdetails/310370/easiyo-low-fat-greek-style-yogurt-base
277607,Dari's Creamy Pumpkin Soup 550g,$5.00,$0.91 / 100G,/shop/productdetails/277607/dari-s-creamy-pumpkin-soup
48007,Fairy Cooking Margarine 250g,$2.60,$1.04 / 100G,/shop/productdetails/48007/fairy-cooking-margarine
42092,Latina Fresh Spinach & Ricotta Agnolotti 375g,$8.00,$2.13 / 100G,/shop/productdetails/42092/latina-fresh-spinach-ricotta-agnolotti
407550,The Complete Dairy Light Milk High Protein 1l,$3.50,$3.50 / 1L,/shop/productdetails/407550/the-complete-dairy-light-milk-high-protein
81584,Thomas Dux Aged Cheddar 24 Months 200g,$5.00,$25.00 / 1KG,/shop/productdetails/81584/thomas-dux-aged-cheddar-24-months
706843,Pasta Master Beef Lasagne 1.3kg,$16.50,$12.69 / 1KG,/shop/productdetails/706843/pasta-master-beef-lasagne-null
269085,Five:am Organic Yoghurt Honey & Cinnamon 1kg,$7.60,$0.76 / 100G,/shop/productdetails/269085/five-am-organic-yoghurt-honey-cinnamon
41516,Bega Strong & Bitey Vintage Cheese 250g,$7.00,$28.00 / 1KG,/shop/productdetails/41516/bega-strong-bitey-vintage-cheese
899791,Mainland Organic Spreadable Butter 250g,$6.00,$2.40 / 100G,/shop/productdetails/899791/mainland-organic-spreadable-butter
171712,So Good High Protein Almond 1l,$3.40,$3.40 / 1L,/shop/productdetails/171712/so-good-high-protein-almond
799693,Liddells Lactose Free Cream Cheese 250g,$6.30,$25.20 / 1KG,/shop/productdetails/799693/liddells-lactose-free-cream-cheese
77182,Tasmanian Heritage Double Brie Cheese 250g,$9.10,$36.40 / 1KG,/shop/productdetails/77182/tasmanian-heritage-double-brie-cheese
249281,Devondale Shredded Colby Cheese 600g,$12.00,$20.00 / 1KG,/shop/productdetails/249281/devondale-shredded-colby-cheese
243786,Jalna Light Greek Yoghurt 1kg,$8.30,$0.83 / 100G,/shop/productdetails/243786/jalna-light-greek-yoghurt
923890,Obela Caramelised Onion Garnished Hommus 220g,$4.00,$1.82 / 100G,/shop/productdetails/923890/obela-caramelised-onion-garnished-hommus
738697,Unicorn Classic Camembert Cheese 125g,$5.50,$44.00 / 1KG,/shop/productdetails/738697/unicorn-classic-camembert-cheese
484383,Liberty Eggs 12 Jumbo Cage Free Eggs 800g,N/A,N/A,/shop/productdetails/484383/liberty-eggs-12-jumbo-cage-free-eggs
66992,Philadelphia Lactose Free Cream Cheese Block 250g,$5.70,$22.80 / 1KG,/shop/productdetails/66992/philadelphia-lactose-free-cream-cheese-block
219792,Sunny Queen Mini Fritters Corn & Zucchini Frozen 200g,$7.50,$3.75 / 100G,/shop/productdetails/219792/sunny-queen-mini-fritters-corn-zucchini-frozen
23757,Mainland On The Go Cheese Crackers Balsamic Beetroot Relish 110g,$5.50,$50.00 / 1KG,/shop/productdetails/23757/mainland-on-the-go-cheese-crackers-balsamic-beetroot-relish
323328,Dare Mocha Iced Coffee Iced Coffee 500ml,$3.00,$6.00 / 1L,/shop/productdetails/323328/dare-mocha-iced-coffee-iced-coffee
270820,Five:am Organic Yoghurt Passionfruit 1kg,$7.60,$0.76 / 100G,/shop/productdetails/270820/five-am-organic-yoghurt-passionfruit
255398,Lemnos Fetta Salad Cubes 150g,$6.00,$40.00 / 1KG,/shop/productdetails/255398/lemnos-fetta-salad-cubes
776469,Liddells Lactose Free Colby Cheese Slices 250g,$7.00,$28.00 / 1KG,/shop/productdetails/776469/liddells-lactose-free-colby-cheese-slices
47026,Pauls Custard Vanilla 600g,$4.30,$0.72 / 100G,/shop/productdetails/47026/pauls-custard-vanilla-custard
811169,Woolworths Sweet & Sour Pork Chilled Meal 350g,$7.00,$2.00 / 100G,/shop/productdetails/811169/woolworths-sweet-sour-pork-chilled-meal
876991,Dare Mocha Iced Coffee Flavoured Milk 750ml,$4.90,$6.53 / 1L,/shop/productdetails/876991/dare-mocha-iced-coffee-flavoured-milk
155237,Della Rosa Low Carb High Protein Pizza Base 250g,$4.50,$1.80 / 100G,/shop/productdetails/155237/della-rosa-low-carb-high-protein-pizza-base
306607,South Cape Reduced Fat Greek Style Fetta 200g,$6.50,$32.50 / 1KG,/shop/productdetails/306607/south-cape-reduced-fat-greek-style-fetta
82072,Chris' Red Capsicum & Cashew Dip & Spread 200g,$4.50,$2.25 / 100G,/shop/productdetails/82072/chris-red-capsicum-cashew-dip-spread
44127,Aunty Kath's Cookie Dough Choc Chip 450g,$6.90,$1.53 / 100G,/shop/productdetails/44127/aunty-kath-s-cookie-dough-choc-chip
3170,Big M Chocolate Milk 2l,$5.00,$2.50 / 1L,/shop/productdetails/3170/big-m-chocolate-milk
207794,Pantalica Parmesan Cheese 100g,$3.20,$32.00 / 1KG,/shop/productdetails/207794/pantalica-parmesan-cheese
42091,Latina Fresh Creamy Carbonara Pasta Sauce Pasta Sauce 425g,$7.50,$1.76 / 100G,/shop/productdetails/42091/latina-fresh-creamy-carbonara-pasta-sauce-pasta-sauce
663973,Meredith Dairy Goats Cheese 550g,$20.00,$36.36 / 1KG,/shop/productdetails/663973/meredith-dairy-goats-cheese-jar
143763,Woolworths Chocolate Whipped Cream 250g,$5.60,$2.24 / 100G,/shop/productdetails/143763/woolworths-chocolate-whipped-cream
768519,Flora Proactiv Light Margarine 750g,$10.80,$1.44 / 100G,/shop/productdetails/768519/flora-proactiv-light-margarine
86538,Ice Break Regular 2 Shot Strength Iced Coffee Milk 500ml,$3.80,$7.60 / 1L,/shop/productdetails/86538/ice-break-regular-2-shot-strength-iced-coffee-milk
721421,Living Planet Uht Goats Milk 1l,$4.70,$4.70 / 1L,/shop/productdetails/721421/living-planet-uht-goats-milk
702566,Alambra Cypriot Halloumi 225g,$8.00,$35.56 / 1KG,/shop/productdetails/702566/alambra-cypriot-halloumi
114593,Picante Chargrilled Peppers Smoky Chipotle & Panela Cheese 170g,$4.50,$2.65 / 100G,/shop/productdetails/114593/picante-chargrilled-peppers-smoky-chipotle-panela-cheese
83596,La Famiglia Pane Di Casa Garlic Bread Just For 2 190g,$3.30,$1.74 / 100G,/shop/productdetails/83596/la-famiglia-pane-di-casa-garlic-bread-just-for-2
94731,Mainland On The Go Chilli Jam With Cheddar Slices & Crackers 110g,$5.50,$50.00 / 1KG,/shop/productdetails/94731/mainland-on-the-go-chilli-jam-with-cheddar-slices-crackers
176569,Red Rock Deli Classics Caramelised French Onion 190g,$4.40,$2.32 / 100G,/shop/productdetails/176569/red-rock-deli-classics-caramelised-french-onion
221002,Sunny Queen Omelette Roll Fetta & Spinach Frozen 120g,$4.00,$3.33 / 100G,/shop/productdetails/221002/sunny-queen-omelette-roll-fetta-spinach-frozen
674323,Woolworths Sweet Potato Mash 475g,$6.00,$1.26 / 100G,/shop/productdetails/674323/woolworths-sweet-potato-mash-null
81571,Rana Fettuccine Pasta 325g,$6.00,$1.85 / 100G,/shop/productdetails/81571/rana-fettuccine-pasta
212721,Pace Farm 6 Large Organic Free Range Eggs 300g,$5.95,$1.98 / 100G,/shop/productdetails/212721/pace-farm-6-large-organic-free-range-eggs
759656,Perfect Italiano Perfect Bakes 3 Cheeses 450g,$9.00,$20.00 / 1KG,/shop/productdetails/759656/perfect-italiano-perfect-bakes-3-cheeses
335531,Latina Fresh Italian Tomato With Onion & Garlic Pasta Sauce 700g,N/A,N/A,/shop/productdetails/335531/latina-fresh-italian-tomato-with-onion-garlic-pasta-sauce
151706,Nestle Reduced Fat Uht Cream 230ml,$4.00,$17.39 / 1L,/shop/productdetails/151706/nestle-reduced-fat-uht-cream
236831,Laughing Cow Cheese Original Wedges 256g,$8.50,$33.20 / 1KG,/shop/productdetails/236831/laughing-cow-cheese-original-wedges
614440,Riverina Dairy Reduced Fat Fetta Cheese 1kg,$17.50,$17.50 / 1KG,/shop/productdetails/614440/riverina-dairy-reduced-fat-fetta-cheese
57571,Foster Clark's Snack Pack Pouch Strawberry Flavoured Custard 120g,$1.90,$1.58 / 100G,/shop/productdetails/57571/foster-clark-s-snack-pack-pouch-strawberry-flavoured-custard
673742,Woolworths Tasmanian Salmon With Rice Chilled Meal 400g,$13.00,$3.25 / 100G,/shop/productdetails/673742/woolworths-tasmanian-salmon-with-rice-chilled-meal
223934,Bega Colby Cheese Slices 250g,$7.00,$28.00 / 1KG,/shop/productdetails/223934/bega-colby-cheese-slices
954610,Bio Cheese Dairy Free Cheddar Block 200g,$5.60,$28.00 / 1KG,/shop/productdetails/954610/bio-cheese-dairy-free-cheddar-block
237527,La Famiglia Cheesy Garlic Bread 460g,$6.50,$1.41 / 100G,/shop/productdetails/237527/cheesy-garlic-bread
150739,Lurpak Butter Block Unsalted 400g,$8.00,$2.00 / 100G,/shop/productdetails/150739/lurpak-butter-block-unsalted
81587,Thomas Dux Parmigiano Reggiano Over 12 Months 250g,$11.40,$45.60 / 1KG,/shop/productdetails/81587/thomas-dux-parmigiano-reggiano-over-12-months
77075,Guzzi's Golden Pasta Gnocchi Potato 500g,$6.00,$1.20 / 100G,/shop/productdetails/77075/guzzi-s-golden-pasta-gnocchi-potato
504792,Woolworths Thai Green Chicken Curry With Rice Chilled Meal 350g,$7.00,$2.00 / 100G,/shop/productdetails/504792/woolworths-thai-green-chicken-curry-with-rice-chilled-meal
238292,Grand Italian Tuscans Finest Creamy Ricotta Spinach Agnolotti 325g,$6.00,$1.85 / 100G,/shop/productdetails/238292/grand-italian-tuscans-finest-creamy-ricotta-spinach-agnolotti
22081,Latina Fresh Egg Fettuccine Pasta 375g,$6.00,$1.60 / 100G,/shop/productdetails/22081/latina-fresh-egg-fettuccine-pasta
344082,Pauls Double Thick Custard Rich Chocolate 900g,$6.80,$0.76 / 100G,/shop/productdetails/344082/pauls-double-thick-custard-rich-chocolate
601940,Latina Fresh Ready Meal Angus Beef & Veg Lasagne Chilled Meal 1.6kg,$19.95,$1.25 / 100G,/shop/productdetails/601940/latina-fresh-ready-meal-angus-beef-veg-lasagne-chilled-meal
154465,Norco Organic Milk 2l,$6.00,$3.00 / 1L,/shop/productdetails/154465/norco-organic-milk
246001,Tummify Kids Probiotic Shot Vanilla Probiotic Shot 4x100ml,$5.50,$1.38 / 100ML,/shop/productdetails/246001/tummify-kids-probiotic-shot-vanilla-probiotic-shot
48728,Oak Chocolate Milk 600ml,$2.90,$4.83 / 1L,/shop/productdetails/48728/oak-chocolate-milk
845631,Latina Fresh Gluten Free Beef Ravioli Pasta 280g,$8.75,$3.13 / 100G,/shop/productdetails/845631/latina-fresh-gluten-free-beef-ravioli-pasta
707139,Dairyworks Tasty Cheese & Crackers 120g,$5.00,$41.67 / 1KG,/shop/productdetails/707139/dairyworks-tasty-cheese-crackers
370487,Unicorn Classic Double Brie Cheese 125g,$5.50,$44.00 / 1KG,/shop/productdetails/370487/unicorn-classic-double-brie-cheese
238743,Vegie Delights Chicken Style Sausages Meat Free 300g,$7.50,$25.00 / 1KG,/shop/productdetails/238743/vegie-delights-chicken-style-sausages-meat-free
629439,I Pastai Gnocchi Di Patate 500g,$5.00,$1.00 / 100G,/shop/productdetails/629439/i-pastai-gnocchi-di-patate
691113,Maggie Beer Triple Cream Brie 200g,$9.30,$46.50 / 1KG,/shop/productdetails/691113/maggie-beer-triple-cream-brie
799749,Dairy Farmers Classic Chocolate Milk 500ml,$2.90,$5.80 / 1L,/shop/productdetails/799749/dairy-farmers-classic-chocolate-milk
638771,Picasso Kitchen Cauliflower Base 170g,$4.60,$2.71 / 100G,/shop/productdetails/638771/picasso-kitchen-cauliflower-base
930992,Jarlsberg Original Cheese Block 250g,$7.80,$31.20 / 1KG,/shop/productdetails/930992/jarlsberg-original-cheese-block
83430,Happy Hens Egg Farm 12 Extra Large Free Range Organic Eggs 700g,N/A,N/A,/shop/productdetails/83430/happy-hens-egg-farm-12-extra-large-free-range-organic-eggs
288471,Made With Plants Meat Free Bacon 160g,$7.20,$45.00 / 1KG,/shop/productdetails/288471/made-with-plants-meat-free-bacon
85681,"Woolworths Extra Tasty Cheese, Garlic Olives & Artisan Crackers 60g",$3.30,$55.00 / 1KG,/shop/productdetails/85681/woolworths-extra-tasty-cheese-garlic-olives-artisan-crackers
71183,Ki Bulgarian Sheep Cheese 400g,$11.50,$28.75 / 1KG,/shop/productdetails/71183/ki-bulgarian-sheep-cheese
312793,South Cape Apricot & Almond Cream Cheese 200g,$6.50,$32.50 / 1KG,/shop/productdetails/312793/south-cape-apricot-almond-cream-cheese
210606,Plantry Plant Based Food Co Teriyaki Meal 350g,$9.00,$2.57 / 100G,/shop/productdetails/210606/plantry-plant-based-food-co-teriyaki-meal
840657,Willow Farm Hommus Dip 1kg,$5.50,$0.55 / 100G,/shop/productdetails/840657/willow-farm-hommus-dip
97995,Mil Lel Extra Sharp Parmesan & Pecorino 170g,$6.90,$40.59 / 1KG,/shop/productdetails/97995/mil-lel-extra-sharp-parmesan-pecorino
206424,Bega Light Vintage 25% Reduced Fat Cheese Slices 15 Pack 250g,$7.00,$28.00 / 1KG,/shop/productdetails/206424/bega-light-vintage-25-reduced-fat-cheese-slices
341120,Bertolli Classic Olive Oil Spread Margarine Classic 500g,$5.50,$1.10 / 100G,/shop/productdetails/341120/bertolli-classic-olive-oil-spread-margarine-classic
614432,Riverina Dairy Cyprus Style Haloumi 900g,$20.00,$22.22 / 1KG,/shop/productdetails/614432/riverina-dairy-cyprus-style-haloumi
97557,Liddells Tasty Cheese Slices 250g,$7.00,$28.00 / 1KG,/shop/productdetails/97557/liddells-tasty-cheese-slices
290820,Western Star Spreadable Salt Reduced 375g,$5.50,$1.47 / 100G,/shop/productdetails/290820/western-star-spreadable-salt-reduced
812574,Della Rosa Tomato Sauce Pizza Base 280g,N/A,N/A,/shop/productdetails/812574/della-rosa-tomato-sauce-pizza-base
255441,Primo Lunch Breaks Mild Dan Salami Cheese Crks & Beetroot Relish 110g,$6.90,$62.73 / 1KG,/shop/productdetails/255441/primo-lunch-breaks-mild-dan-salami-cheese-crks-beetroot-relish
224576,Primo Mini Mix Ups Baby Shark Ham Tasty Cheese & Sultanas 40g,$3.75,$93.75 / 1KG,/shop/productdetails/224576/primo-mini-mix-ups-baby-shark-ham-tasty-cheese-sultanas
122693,Suntory Boss Coffee Iced Long Black Cans 237ml X4 Pack,$12.60,$13.29 / 1L,/shop/productdetails/122693/suntory-boss-coffee-iced-long-black-cans
9741,Latina Fresh Beef Bolognese Pasta Sauce Pasta Sauce 425g,$7.50,$1.76 / 100G,/shop/productdetails/9741/latina-fresh-beef-bolognese-pasta-sauce-pasta-sauce
652560,Devondale Unsalted Butter 250g,$5.30,$2.12 / 100G,/shop/productdetails/652560/devondale-unsalted-butter
302598,Mainland Extra Tasty Cheese Slices 210g,$5.00,$23.81 / 1KG,/shop/productdetails/302598/mainland-extra-tasty-cheese-slices
694763,Woolworths Danish Havarti Cheese Slices 200g,$5.00,$25.00 / 1KG,/shop/productdetails/694763/woolworths-danish-havarti-cheese-slices
481884,Oak Strawberry Milk 2l,$5.50,$2.75 / 1L,/shop/productdetails/481884/oak-strawberry-milk
655429,Pace Farm 18 Large Free Range Eggs 900g,N/A,N/A,/shop/productdetails/655429/pace-farm-18-large-free-range-eggs
27946,Unicorn Lactose Free Camembert 125g,$6.20,$49.60 / 1KG,/shop/productdetails/27946/unicorn-lactose-free-camembert
830498,Woolworths Chicken Tikka Masala With Rice Chilled Meal 350g,$7.00,$2.00 / 100G,/shop/productdetails/830498/woolworths-chicken-tikka-masala-with-rice-chilled-meal
3122,Dodoni Authentic Greek Feta Per Kg,$42.00,$42.00 / 1KG,/shop/productdetails/3122/dodoni-authentic-greek-feta-cheese
134198,Woolworths Creamy Spinach & Ricotta Cannelloni Chilled Meal 350g,$10.00,$2.86 / 100G,/shop/productdetails/134198/woolworths-creamy-spinach-ricotta-cannelloni-chilled-meal
294516,La Famiglia Garlic Bread Entertainer Slices 450g,$7.00,$1.56 / 100G,/shop/productdetails/294516/la-famiglia-garlic-bread-entertainer-slices
94989,Thomas Dux Persian Fetta Cheese 180g,$4.40,$24.44 / 1KG,/shop/productdetails/94989/thomas-dux-persian-fetta-cheese
580630,Flora Proactiv Margarine Buttery 250g,$5.75,$2.30 / 100G,/shop/productdetails/580630/flora-proactiv-margarine-buttery
290652,Wonder Dairy Blend Vitamins & Omega - 3 Spread 400g,$4.00,$1.00 / 100G,/shop/productdetails/290652/wonder-dairy-blend-vitamins-omega-3-spread
725007,Woolworths Chilli Haloumi Cheese 180g,$4.80,$26.67 / 1KG,/shop/productdetails/725007/woolworths-chilli-haloumi-cheese
243185,Gippsland Dairy Smooth & Creamy Yogurt 2kg,$13.00,$0.65 / 100G,/shop/productdetails/243185/gippsland-dairy-smooth-creamy-yogurt
111127,Obela Hommus Pistachio Lemon Dukkah 220g,$4.00,$1.82 / 100G,/shop/productdetails/111127/obela-hommus-pistachio-lemon-dukkah
527178,Tasmanian Heritage Blue Cheese Snack 80g,$4.80,$60.00 / 1KG,/shop/productdetails/527178/tasmanian-heritage-blue-cheese-snack
244287,Babushka's Powerful Probiotic Kefir Organic Natural Yoghurt 750g,$4.00,$0.53 / 100G,/shop/productdetails/244287/babushka-s-powerful-probiotic-kefir-organic-natural-yoghurt
37325,Bulla Light Thickened Cream 300ml,$3.50,$1.17 / 100ML,/shop/productdetails/37325/bulla-light-thickened-cream
238206,Grand Italian Tuscans Finest Veal Ravioli 325g,$6.00,$1.85 / 100G,/shop/productdetails/238206/grand-italian-tuscans-finest-veal-ravioli
118214,Made With Plants Cheddar Slices Dairy Free 200g,$4.80,$24.00 / 1KG,/shop/productdetails/118214/made-with-plants-cheddar-slices-dairy-free
182060,Bega Light Tasty 50% Less Fat Cheese 500g,$8.50,$17.00 / 1KG,/shop/productdetails/182060/bega-light-tasty-50-less-fat-cheese
117784,Open Range 12 Large Free Range Eggs 700g,$6.20,$0.89 / 100G,/shop/productdetails/117784/open-range-12-large-free-range-eggs
618610,Leggos Fresh Bolognese Sauce 250g,$3.50,$1.40 / 100G,/shop/productdetails/618610/leggo-s-fresh-bolognese-sauce
757132,Sanitarium So Good Chilled Original Almond Milk 1l,$4.20,$4.20 / 1L,/shop/productdetails/757132/sanitarium-so-good-chilled-original-almond-milk
120981,Ice Break Regular 2 Shot Strength Iced Coffee Milk 750ml,$3.95,$5.27 / 1L,/shop/productdetails/120981/ice-break-regular-2-shot-strength-iced-coffee-milk
618613,Leggos Fresh Creamy Tomato Sauce 250g,$3.50,$1.40 / 100G,/shop/productdetails/618613/leggo-s-fresh-creamy-tomato-sauce
800132,President Brie Cheese 200g,$6.75,$33.75 / 1KG,/shop/productdetails/800132/president-brie-cheese
256248,Mainland Swiss Cheese Slices 180g,$5.00,$27.78 / 1KG,/shop/productdetails/256248/mainland-swiss-cheese-slices
156078,Pauls Bluey Chocolate Milk 250ml,$2.25,$9.00 / 1L,/shop/productdetails/156078/pauls-bluey-chocolate-milk
203576,Yallamundi Farm 12 Extra Large Pasture Raised Free Range Eggs 700g,$9.70,$1.39 / 100G,/shop/productdetails/203576/yallamundi-farm-12-extra-large-pasture-raised-free-range-eggs
640123,Yarra Valley Cheese Marinated Persian Fetta 350g,$11.40,$32.57 / 1KG,/shop/productdetails/640123/yarra-valley-cheese-marinated-persian-fetta
746542,Dare Caramel Latte Iced Coffee Iced Coffee 750ml,$4.90,$6.53 / 1L,/shop/productdetails/746542/dare-caramel-latte-iced-coffee-iced-coffee
527179,Tasmanian Heritage Double Brie Cheese Snack 80g,$4.80,$60.00 / 1KG,/shop/productdetails/527179/tasmanian-heritage-double-brie-cheese-snack
769526,Bega Cheese So Light Grated 500g,$8.50,$17.00 / 1KG,/shop/productdetails/769526/bega-cheese-so-light-grated
166589,Cheer Mozzarella Slices 250g,$6.20,$24.80 / 1KG,/shop/productdetails/166589/cheer-mozzarella-slices
97938,Zanetti Parmigiano Reggiano Pdo 30m 200g,$14.50,$72.50 / 1KG,/shop/productdetails/97938/zanetti-parmigiano-reggiano-pdo-30m
48463,Devondale Dairy Soft Salt Reduced Butter Blend 500g,$7.50,$1.50 / 100G,/shop/productdetails/48463/devondale-dairy-soft-salt-reduced-butter-blend
334936,Tasmanian Heritage Triple Cream Oval Cheese 125g,$7.50,$60.00 / 1KG,/shop/productdetails/334936/tasmanian-heritage-triple-cream-oval-cheese
757139,Oak Chocolate Milk 300ml,$2.80,$9.33 / 1L,/shop/productdetails/757139/oak-chocolate-milk
98063,Mil Lel Shaved Parmesan 170g,$6.90,$40.59 / 1KG,/shop/productdetails/98063/mil-lel-shaved-parmesan
923888,Obela Sweet Beetroot Garnished Hommus 220g,$4.00,$1.82 / 100G,/shop/productdetails/923888/obela-sweet-beetroot-garnished-hommus
257928,Primo Lunch Breaks Mild Hun Salami Cheese Crackers & Bbq Relish 110g,$6.90,$62.73 / 1KG,/shop/productdetails/257928/primo-lunch-breaks-mild-hun-salami-cheese-crackers-bbq-relish
63804,Kenilworth Rich Chocolate Mousse 170g,$3.40,$2.00 / 100G,/shop/productdetails/63804/kenilworth-rich-chocolate-mousse
726230,Lemnos Haloumi Salt Reduced 180g,$7.00,$38.89 / 1KG,/shop/productdetails/726230/lemnos-haloumi-salt-reduced
207737,Obela Hommus To Go Sweet Beetroot 3 Pack,$4.00,$2.22 / 100G,/shop/productdetails/207737/obela-hommus-to-go-sweet-beetroot
276856,So Good Chocolate Almond Milk 1l,$3.20,$3.20 / 1L,/shop/productdetails/276856/so-good-chocolate-almond-milk
155990,Tasmanian Heritage Camembert Cheese 250g,$9.10,$36.40 / 1KG,/shop/productdetails/155990/tasmanian-heritage-camembert-cheese
81582,Thomas Dux English Red Leicester 200g,$5.00,$25.00 / 1KG,/shop/productdetails/81582/thomas-dux-english-red-leicester
29050,Mil Lel Parmesan Cheese 250g,$10.45,$41.80 / 1KG,/shop/productdetails/29050/mil-lel-parmesan-cheese
239692,Dare Intense Espresso Iced Coffee 500ml,$3.00,$6.00 / 1L,/shop/productdetails/239692/dare-intense-espresso-iced-coffee
212055,Dare No Added Sugar Triple Espresso Iced Coffee 500ml,$3.00,$6.00 / 1L,/shop/productdetails/212055/dare-no-added-sugar-triple-espresso-iced-coffee
802209,Devondale Unsalted Butter 500g,$7.50,$1.50 / 100G,/shop/productdetails/802209/devondale-unsalted-butter
222535,Nuttelex Pulse Buttery Dairy Free Spread 375g,$4.60,$1.23 / 100G,/shop/productdetails/222535/nuttelex-pulse-buttery-dairy-free-spread
266670,J*st Almond Milk 1l,$2.40,$2.40 / 1L,/shop/productdetails/266670/jst-j-st-almond-milk
700518,Flora Proactiv Margarine Original 750g,$10.80,$1.44 / 100G,/shop/productdetails/700518/flora-proactiv-margarine-original
767976,Woolworths Quiche Lorraine Chilled Meal 700g,$14.00,$2.00 / 100G,/shop/productdetails/767976/woolworths-quiche-lorraine-chilled-meal
807459,Sanitarium So Good Long Life Unsweetened Almond Milk 250ml X3 Pack,$4.60,$6.13 / 1L,/shop/productdetails/807459/sanitarium-so-good-long-life-unsweetened-almond-milk
145564,Latina Fresh Creamy Carbonara Pasta Sauce Creamy Carbonara 700g,$7.50,$1.07 / 100G,/shop/productdetails/145564/latina-fresh-creamy-carbonara-pasta-sauce-creamy-carbonara
240822,La Casa Del Formaggio Bambini Bocconcini 220g,$6.00,$27.27 / 1KG,/shop/productdetails/240822/la-casa-del-formaggio-bambini-bocconcini
155063,Minor Figures Minor Figures Barista Oat Uht Organic Milk 1l,$4.90,$4.90 / 1L,/shop/productdetails/155063/minor-figures-barista-oat-uht-organic-milk
375551,Ice Break Triple Shot Iced Coffee Milk 500ml,$3.80,$7.60 / 1L,/shop/productdetails/375551/ice-break-triple-shot-iced-coffee-milk
215274,Birch & Waite Mushroom & Truffle Sauce Sauce 200g,$5.50,$2.75 / 100G,/shop/productdetails/215274/birch-waite-mushroom-truffle-sauce-sauce
733806,Fromager D'affinois Petit D Affinois 150g,$12.60,$84.00 / 1KG,/shop/productdetails/733806/fromager-d-affinois-petit-d-affinois
84976,Thomas Dux Manchego Cheese 150g,$5.50,$36.67 / 1KG,/shop/productdetails/84976/thomas-dux-manchego-cheese
741717,Lemnos Smooth Fetta Reduced Fat 200g,$6.50,$32.50 / 1KG,/shop/productdetails/741717/lemnos-smooth-fetta-reduced-fat-cheese
139943,Cracker Barrel Block Special Reserve 250g,$8.50,$34.00 / 1KG,/shop/productdetails/139943/cracker-barrel-block-special-reserve
741022,Liddells Block Lactose Free 250g,$7.00,$28.00 / 1KG,/shop/productdetails/741022/liddells-block-lactose-free
215262,Della Rosa Stone Baked Herb & Garlic Pizza Base 2 Pack,$5.50,$1.22 / 100G,/shop/productdetails/215262/della-rosa-stone-baked-herb-garlic-pizza-base
121502,Oak Plus No Sugar Added Chocolate 500ml,$3.70,$7.40 / 1L,/shop/productdetails/121502/oak-plus-no-sugar-added-chocolate
285268,Picasso Kitchen Stone Baked Pizza Bbq Meat Deluxe 470g,$6.50,$1.38 / 100G,/shop/productdetails/285268/picasso-kitchen-stone-baked-pizza-bbq-meat-deluxe
178902,"Ruffie Rustic Foods Smoky Bacon, Swiss Cheese & Sweet Corn Frittata 2 Pack",$14.00,$3.50 / 100G,/shop/productdetails/178902/ruffie-rustic-foods-smoky-bacon-swiss-cheese-sweet-corn-frittata
781141,So Good Almond Vanilla Milk 1l,$3.20,$3.20 / 1L,/shop/productdetails/781141/so-good-almond-vanilla-milk
302105,Mersey Valley Original Vintage Cheese 180g,$8.70,$48.33 / 1KG,/shop/productdetails/302105/mersey-valley-original-vintage-cheese
586414,Toscano Chocolate Truffle 450g,$9.50,$2.11 / 100G,/shop/productdetails/586414/toscano-chocolate-truffle
239030,Birch & Waite Sichuan Style Stir Fry Sauce 200g,$5.50,$2.75 / 100G,/shop/productdetails/239030/birch-waite-sichuan-style-stir-fry-sauce
618611,Leggos Fresh Napoli Sauce 250g,$3.50,$1.40 / 100G,/shop/productdetails/618611/leggo-s-fresh-napoli-sauce
248597,Moira Mac's Crumbed Chicken Schnitzels Gluten Free 2 Pack,$3.80,$22.35 / 1KG,/shop/productdetails/248597/moira-mac-s-crumbed-chicken-schnitzels-gluten-free
674327,Woolworths Curried Sausages Chilled Meal 800g,$13.50,$1.69 / 100G,/shop/productdetails/674327/woolworths-curried-sausages-chilled-meal
250854,Mersey Valley Original Cheddar Cheese 235g,$6.90,$29.36 / 1KG,/shop/productdetails/250854/mersey-valley-original-cheddar-cheese
215278,Pitango Free Range Chicken Sweet Corn & Noodle Soup 600g,$5.50,$0.92 / 100G,/shop/productdetails/215278/pitango-free-range-chicken-sweet-corn-noodle-soup
40365,South Cape Brie 200g,$7.50,$37.50 / 1KG,/shop/productdetails/40365/south-cape-brie
113961,Picante Jalapeno & Sour Cream With Fresh Coriander 170g,$4.50,$2.65 / 100G,/shop/productdetails/113961/picante-jalapeno-sour-cream-with-fresh-coriander
99869,Jones Brothers 12 Large Free Range Eggs 600g,$5.90,$0.98 / 100G,/shop/productdetails/99869/jones-brothers-12-large-free-range-eggs
324521,Mainland Cracker Cuts Tasty Cheese 120g,$6.00,$50.00 / 1KG,/shop/productdetails/324521/mainland-cracker-cuts-tasty-cheese
68977,Woolworths Australian Butter Unsalted 250g,N/A,N/A,/shop/productdetails/68977/woolworths-australian-butter-unsalted
91380,Marsh's Extra Tasty Cheddar Cheese 300g - 500g,$9.05,$18.10 / 1KG,/shop/productdetails/91380/marsh-s-extra-tasty-cheddar-cheese
238875,South Cape Australian Havarti 180g,$4.80,$26.67 / 1KG,/shop/productdetails/238875/south-cape-australian-havarti
84367,Pauls Custard Premium Vanilla Bean 170g,$3.00,$1.76 / 100G,/shop/productdetails/84367/pauls-custard-premium-vanilla-bean
732051,Unicorn Classic Triple Cream Cheese 125g,N/A,N/A,/shop/productdetails/732051/unicorn-classic-triple-cream-cheese
270309,Five:am Organic Yoghurt Sweet And Creamy 1kg,$7.60,$0.76 / 100G,/shop/productdetails/270309/five-am-organic-yoghurt-sweet-and-creamy
667988,Pauls Farmhouse Gold Organic Milk 1.5l,$5.70,$3.80 / 1L,/shop/productdetails/667988/pauls-farmhouse-gold-organic-milk
123591,My Muscle Chef Crumbed Chicken Roasted Potatoes Chilled Meal 340g,$11.95,$3.51 / 100G,/shop/productdetails/123591/my-muscle-chef-crumbed-chicken-roasted-potatoes-chilled-meal
271260,Coyo Organic Coconut Yoghurt Greek 500g,$8.50,$1.70 / 100G,/shop/productdetails/271260/coyo-organic-coconut-yoghurt-greek
222977,Suntory Boss Coffee Iced Vanilla Latte Cans 237ml X4 Pack,$12.60,$13.29 / 1L,/shop/productdetails/222977/suntory-boss-coffee-iced-vanilla-latte-cans
794705,York Foods Lard 250g,$4.50,$1.80 / 100G,/shop/productdetails/794705/york-foods-lard
242106,Babushka's Powerful Probiotic Kefir Honey & Turmeric Natural Yoghurt 750g,$4.00,$0.53 / 100G,/shop/productdetails/242106/babushka-s-powerful-probiotic-kefir-honey-turmeric-natural-yoghurt
239524,Dare No Added SugarDouble Espresso 2l,$6.00,$3.00 / 1L,/shop/productdetails/239524/dare-no-added-sugar-double-espresso
238549,Ice Break Lactose Free Real Coffee Flavoured Milk 500ml,$3.80,$7.60 / 1L,/shop/productdetails/238549/ice-break-lactose-free-real-coffee-flavoured-milk
408033,Nutty Bruce Organic Almond CoconutPlantMilk 1l,$6.00,$6.00 / 1L,/shop/productdetails/408033/nutty-bruce-organic-almond-coconut-plant-milk
91226,My Muscle Chef Pesto Chicken Pasta Chilled Meal 330g,$11.95,$3.62 / 100G,/shop/productdetails/91226/my-muscle-chef-pesto-chicken-pasta-chilled-meal
263700,Oak Paddle Pop Rainbow Milk 600ml,$2.90,$4.83 / 1L,/shop/productdetails/263700/oak-paddle-pop-rainbow-milk
176617,Perfect Italiano Mexican Style Cheese 450g,$9.00,$20.00 / 1KG,/shop/productdetails/176617/perfect-italiano-mexican-style-cheese
33782,Castello Tropical Fruit And Almond Cream Cheese 125g,$3.00,$24.00 / 1KG,/shop/productdetails/33782/castello-tropical-fruit-and-almond-cream-cheese
248009,A2 Full Cream Milk Lactose Free 1l,$3.90,$3.90 / 1L,/shop/productdetails/248009/a2-milk-full-cream-milk-lactose-free
277781,Johnny Wong Hokkien Noodles 500g,$3.50,$0.70 / 100G,/shop/productdetails/277781/johnny-wong-hokkien-noodles
238921,South Cape Australian Gouda 180g,$4.80,$26.67 / 1KG,/shop/productdetails/238921/south-cape-australian-gouda
124279,Thomas Dux Creamy Blue Cheese 200g,$6.00,$30.00 / 1KG,/shop/productdetails/124279/thomas-dux-creamy-blue-cheese
101523,Lake Macquarie 12 Extra Large Free Range Eggs 700g,$7.50,$1.07 / 100G,/shop/productdetails/101523/lake-macquarie-12-extra-large-free-range-eggs
221562,South Cape Crumbled Fetta 200g,$8.00,$40.00 / 1KG,/shop/productdetails/221562/south-cape-crumbled-fetta
331773,South Cape Smoked Club Cheddar Vintage Cheese 140g,$6.50,$46.43 / 1KG,/shop/productdetails/331773/south-cape-smoked-club-cheddar-vintage-cheese
259475,Mexican To Go Nachos Salsa Cheese 50g,$3.00,$60.00 / 1KG,/shop/productdetails/259475/mexican-to-go-nachos-salsa-cheese
140164,Thomas Dux Le Gruyere Cheese 150g,$9.50,$63.33 / 1KG,/shop/productdetails/140164/thomas-dux-le-gruyere-cheese
178806,My Muscle Chef Spaghetti Bolognese 330g,$11.95,$3.62 / 100G,/shop/productdetails/178806/my-muscle-chef-spaghetti-bolognese
139460,Pace Farm 12 Extra Large Vitamin D3 Enriched Free Range Eggs 700g,N/A,N/A,/shop/productdetails/139460/pace-farm-12-extra-large-vitamin-d3-enriched-free-range-eggs
369960,Frico Maasdam Shaved Cheese Per Kg,$30.00,$30.00 / 1KG,/shop/productdetails/369960/frico-maasdam-shaved-cheese
259031,Primo Lunch Breaks Leg Ham Cheese Lavosh Crackers & Tom Chutney 110g,$6.90,$62.73 / 1KG,/shop/productdetails/259031/primo-lunch-breaks-leg-ham-cheese-lavosh-crackers-tom-chutney
286209,Picasso Kitchen Stone Baked Pizza Double Pepperoni 420g,$6.50,$1.55 / 100G,/shop/productdetails/286209/picasso-kitchen-stone-baked-pizza-double-pepperoni
222133,Bertolli With Butter With A Pinch Of Sea Salt 450g,$6.50,$1.44 / 100G,/shop/productdetails/222133/bertolli-with-butter-with-a-pinch-of-sea-salt
84267,President Butter Salted 200g,$4.50,$2.25 / 100G,/shop/productdetails/84267/president-butter-salted
277297,Strength Meals Co Slow Cooked Beef Lasagne Beef Lasagne 350g,$9.95,$2.84 / 100G,/shop/productdetails/277297/strength-meals-co-slow-cooked-beef-lasagne-beef-lasagne
214783,25 Degrees South Native Pumpkin Ricotta Ravioli Pasta 325g,$9.00,$2.77 / 100G,/shop/productdetails/214783/25-degrees-south-native-pumpkin-ricotta-ravioli-pasta
256558,Brancourts Lactose Free Cottage Cheese 225g,$4.80,$21.33 / 1KG,/shop/productdetails/256558/brancourts-lactose-free-cottage-cheese
48285,Allowrie Unsalted Butter 250g,$4.00,$1.60 / 100G,/shop/productdetails/48285/allowrie-unsalted-butter
164178,Holland House Caviar Black 50g,$6.00,$120.00 / 1KG,/shop/productdetails/164178/holland-house-caviar-black
303770,Yalla Dark Chocolate Mousse 300g,$8.50,$2.83 / 100G,/shop/productdetails/303770/yalla-dark-chocolate-mousse
91648,My Muscle Chef Chipotle Chick Burrito Bowl Chilled Meal 450g,$11.95,$2.66 / 100G,/shop/productdetails/91648/my-muscle-chef-chipotle-chick-burrito-bowl-chilled-meal
331770,South Cape Club Cheddar Vintage Cheese 140g,$6.50,$46.43 / 1KG,/shop/productdetails/331770/south-cape-club-cheddar-vintage-cheese
278049,My Muscle Chef Beef Ravioli With Napolitana Sauce 380g,$11.95,$3.14 / 100G,/shop/productdetails/278049/my-muscle-chef-beef-ravioli-with-napolitana-sauce
278397,Dari's Pea & Ham Soup 550g,$5.00,$0.91 / 100G,/shop/productdetails/278397/dari-s-pea-ham-soup
878752,Oak Strawberry Flavoured Milk (3x250ml) 750ml,$4.35,$5.80 / 1L,/shop/productdetails/878752/oak-strawberry-flavoured-milk-3x250ml-
17497,Dairyworks Tasty Cheese Grated 500g,$8.50,$17.00 / 1KG,/shop/productdetails/17497/dairyworks-tasty-cheese-grated
375554,Ice Break Triple Shot Iced Coffee Milk 750ml,$3.95,$5.27 / 1L,/shop/productdetails/375554/ice-break-triple-shot-iced-coffee-milk
208804,Nuffin Chive & Onion Dip 200g,$4.00,$2.00 / 100G,/shop/productdetails/208804/nuffin-chive-onion-dip
99423,Chris' Hommus & Roasted Garlic Dip & Spread 200g,$4.50,$2.25 / 100G,/shop/productdetails/99423/chris-hommus-roasted-garlic-dip-spread
811334,Dairyworks Edam Cheese Slices 500g,$9.00,$18.00 / 1KG,/shop/productdetails/811334/dairyworks-edam-cheese-slices
3878,Gold'n Canola Margarine 500g,$4.50,$0.90 / 100G,/shop/productdetails/3878/gold-n-canola-margarine
823696,Chris' Heritage Dips Vintage Cheddar & Caramelised Onion Cheese 170g,$7.00,$4.12 / 100G,/shop/productdetails/823696/chris-heritage-dips-vintage-cheddar-caramelised-onion-cheese
193371,Bega Lactose Free Farmers Tasty Cheese Block 250g,$7.00,$28.00 / 1KG,/shop/productdetails/193371/bega-lactose-free-farmers-tasty-cheese-block
94119,Perfect Italiano Perfect Bakes 150g,$3.50,$23.33 / 1KG,/shop/productdetails/94119/perfect-italiano-perfect-bakes
248117,Chris' Homestyle Corn Relish 3 X 60g,$2.75,$1.53 / 100G,/shop/productdetails/248117/chris-homestyle-corn-relish
48920,Castello Brie Double Cream 150g,$7.50,$50.00 / 1KG,/shop/productdetails/48920/castello-brie-double-cream
135211,Woolworths Crumbed Haloumi Chips 180g,$6.50,$3.61 / 100G,/shop/productdetails/135211/woolworths-crumbed-haloumi-chips-null
176969,Red Rock Deli Classics Sweet Chilli & Sour Cream 190g,$4.40,$2.32 / 100G,/shop/productdetails/176969/red-rock-deli-classics-sweet-chilli-sour-cream
134251,Woolworths Roasted Garlic Mash Lamb Shepherd's Pie 700g,$14.50,$2.07 / 100G,/shop/productdetails/134251/woolworths-roasted-garlic-mash-lamb-shepherd-s-pie
92802,My Muscle Chef Satay Chicken With Basmati Rice & Green Peas 330g,$11.95,$11.95 / 1EA,/shop/productdetails/92802/my-muscle-chef-satay-chicken-with-basmati-rice-green-peas
527330,South Cape Havarti Cheese Snack 80g,$4.80,$60.00 / 1KG,/shop/productdetails/527330/south-cape-havarti-cheese-snack
312799,South Cape Onion & Chives Cream Cheese 200g,$6.50,$32.50 / 1KG,/shop/productdetails/312799/south-cape-onion-chives-cream-cheese
226351,Cracker Barrel Slice Extra Sharp 250g,$8.50,$34.00 / 1KG,/shop/productdetails/226351/cracker-barrel-slice-extra-sharp
361498,Manning Valley 12 Free Range Eggs 540g,N/A,N/A,/shop/productdetails/361498/manning-valley-12-free-range-eggs
316043,Meredith Dairy Plain Goats Cheese 150g,$9.00,$60.00 / 1KG,/shop/productdetails/316043/meredith-dairy-plain-goats-cheese
117430,Sa Gourmet Food Co Banana Custard 120g,$1.70,$1.42 / 100G,/shop/productdetails/117430/sa-gourmet-food-co-banana-custard
219684,Don Stix Mild Salami & Tasty Cheese 40g,$2.00,$50.00 / 1KG,/shop/productdetails/219684/don-stix-mild-salami-tasty-cheese
46066,Flora Margarine Spread Salt Reduced 500g,$4.50,$0.90 / 100G,/shop/productdetails/46066/flora-margarine-spread-salt-reduced-salt-reduced
727161,Oak Chocolate Milk 750ml,$4.50,$6.00 / 1L,/shop/productdetails/727161/oak-chocolate-milk
46069,Meadowlea Salt Reduced Spread Salt Reduced 500g,N/A,N/A,/shop/productdetails/46069/meadowlea-salt-reduced-spread-salt-reduced
808130,Mersey Valley Pickled Onion Cheese 80g,$4.80,$60.00 / 1KG,/shop/productdetails/808130/mersey-valley-pickled-onion-cheese
662572,Leggos Fresh Carbonara Sauce 450g,$6.00,$1.33 / 100G,/shop/productdetails/662572/leggo-s-fresh-carbonara-sauce
111944,Pauls Low Fat Chocolate Mousse 62gx 2 Pack,$2.80,$2.26 / 100G,/shop/productdetails/111944/pauls-low-fat-chocolate-mousse-chocolate-mousse
96489,Unicorn Classic Chilli Brie 125g,$5.50,$44.00 / 1KG,/shop/productdetails/96489/unicorn-classic-chilli-brie
287053,Lemnos Organic Haloumi Cheese 180g,$7.00,$38.89 / 1KG,/shop/productdetails/287053/lemnos-organic-haloumi-cheese
331791,South Cape Entertaining Platter 4 Cheese Selections 435g,$22.00,$50.57 / 1KG,/shop/productdetails/331791/south-cape-entertaining-platter-4-cheese-selections
75645,Devondale Salted Butter 250g,$5.30,$2.12 / 100G,/shop/productdetails/75645/devondale-salted-butter
247658,Cadbury Dairy Milk Chocolate Mousse 80g X 2 Pack,$6.00,$3.75 / 100G,/shop/productdetails/247658/cadbury-dairy-milk-chocolate-mousse
246866,Chris' Homestyle Dips Avocado 3 X 60g,$2.75,$1.53 / 100G,/shop/productdetails/246866/chris-homestyle-dips-avocado
221807,Flora With Butter Spreadable 450g,$6.00,$1.33 / 100G,/shop/productdetails/221807/flora-with-butter-spreadable
68978,Woolworths Australian Butter Salted 250g,$4.30,$1.72 / 100G,/shop/productdetails/68978/woolworths-australian-butter-salted
800151,President Camembert Cheese 200g,$6.75,$33.75 / 1KG,/shop/productdetails/800151/president-camembert-cheese
83431,Latina Fresh Gluten Free Lasagne Sheets 280g,$8.75,$3.13 / 100G,/shop/productdetails/83431/latina-fresh-gluten-free-lasagne-sheets
126207,Dairy Farmers Lite White Milk 3l,$6.00,$2.00 / 1L,/shop/productdetails/126207/dairy-farmers-lite-white-milk
277725,Nakula Coconut Yoghurt Strawberry & Chia 500g,$6.00,$1.20 / 100G,/shop/productdetails/277725/nakula-coconut-yoghurt-strawberry-chia
249316,Primo Entertaining Cabanossi Bites Gluten Free 200g,$4.80,$24.00 / 1KG,/shop/productdetails/249316/primo-entertaining-cabanossi-bites-gluten-free
135505,Woolworths Pea & Fetta Zucchini Fritters 200g,$6.50,$3.25 / 100G,/shop/productdetails/135505/woolworths-pea-fetta-zucchini-fritters-null
133471,Tasmanian Pate Smoked Salmon & Cracked Pepper Pate 130g,$5.00,$38.46 / 1KG,/shop/productdetails/133471/tasmanian-pate-smoked-salmon-cracked-pepper-pate
288050,Wonder Dairy Free Vitamins & Omega - 3 Spread 400g,$4.00,$1.00 / 100G,/shop/productdetails/288050/wonder-dairy-free-vitamins-omega-3-spread
426358,Latina Fresh Beef Lasagne 350g,$7.50,$2.14 / 100G,/shop/productdetails/426358/latina-fresh-beef-lasagne-null
323959,Frico Dutch Smoked Cheese 150g,$7.70,$51.33 / 1KG,/shop/productdetails/323959/frico-dutch-smoked-cheese
222146,Mainland Garlic Grass Fed Butter 125g,$3.50,$2.80 / 100G,/shop/productdetails/222146/mainland-garlic-grass-fed-butter
165808,Cheer Cheese Slices Colby 500g,$11.00,$22.00 / 1KG,/shop/productdetails/165808/cheer-cheese-slices-colby
35996,Ever Green Chow Mein Noodles 280g,$2.70,$0.96 / 100G,/shop/productdetails/35996/ever-green-chow-mein-noodles
277464,Moo Dessert Pod Salted Lemon Meringue Yoghurt 170g,$3.50,$2.06 / 100G,/shop/productdetails/277464/moo-dessert-pod-salted-lemon-meringue-yoghurt
276699,Jalna Greek+ Probiotics Yoghurt 170g,$2.80,$1.65 / 100G,/shop/productdetails/276699/jalna-greek-probiotics-yoghurt
923918,Red Rock Deli Roast Pumpkin Caramelised Onion & Cashew Dip 150g,$4.00,$2.67 / 100G,/shop/productdetails/923918/red-rock-deli-roast-pumpkin-caramelised-onion-cashew-dip
2205,Tasmanian Heritage Camembert Cheese 125g,$7.50,$60.00 / 1KG,/shop/productdetails/2205/tasmanian-heritage-camembert-cheese
87469,Thomas Dux Danish Blue Cheese 100g,$4.40,$44.00 / 1KG,/shop/productdetails/87469/thomas-dux-danish-blue-cheese
169393,Nestle Sweetened Condensed Milk 170g,$3.20,$1.88 / 100G,/shop/productdetails/169393/nestle-sweetened-condensed-milk
547134,Bulla Double Cream 200ml,$4.80,$2.40 / 100ML,/shop/productdetails/547134/bulla-double-cream
799766,Dairy Farmers Classic Strawberry Milk 500ml,$2.90,$5.80 / 1L,/shop/productdetails/799766/dairy-farmers-classic-strawberry-milk
796631,Mediterranean Delite Garlic Dip 200g,$3.30,$1.65 / 100G,/shop/productdetails/796631/mediterranean-delite-garlic-dip
681853,Dairyworks Grated 3 Cheese Mix 250g,$6.00,$24.00 / 1KG,/shop/productdetails/681853/dairyworks-grated-3-cheese-mix
274781,So Good Chocolate Oat Milk 1l,$3.50,$3.50 / 1L,/shop/productdetails/274781/so-good-chocolate-oat-milk
280997,The Salad Servers Veggie Loaded Fried Rice 800g,$11.55,$1.44 / 100G,/shop/productdetails/280997/the-salad-servers-veggie-loaded-fried-rice
122283,Oak Thickshake Cookies & Cream 425ml,$3.80,$8.94 / 1L,/shop/productdetails/122283/oak-thickshake-cookies-cream
124839,Yalla Vanilla Cheesecake With Ginger Biscuit 300g,$9.00,$3.00 / 100G,/shop/productdetails/124839/yalla-vanilla-cheesecake-with-ginger-biscuit
212604,Norco Sour Cream 250g,$3.50,$1.40 / 100G,/shop/productdetails/212604/norco-sour-cream
693324,Woolworths Bangers & Mash Chilled Meal 350g,$7.00,$2.00 / 100G,/shop/productdetails/693324/woolworths-bangers-mash-chilled-meal
46024,Cracker Barrel Block Extra Sharp 500g,$13.80,$27.60 / 1KG,/shop/productdetails/46024/cracker-barrel-block-extra-sharp
180011,Chan's Yum Cha Pork & Chive Gyoza 250g,$5.50,$2.20 / 100G,/shop/productdetails/180011/chan-s-yum-cha-pork-chive-gyoza
550583,Oak Milk Strawberry 750ml,$4.50,$6.00 / 1L,/shop/productdetails/550583/oak-milk-strawberry
209376,Plantitude Cheezy & Crispy Crumbed Sweet Potato 300g,$7.50,$2.50 / 100G,/shop/productdetails/209376/plantitude-cheezy-crispy-crumbed-sweet-potato
253674,Devondale Mozzarella Cheese Block 550g,$12.00,$21.82 / 1KG,/shop/productdetails/253674/devondale-mozzarella-cheese-block
309966,Flora Margarine Spread Salt Reduced 1kg,$8.95,$0.90 / 100G,/shop/productdetails/309966/flora-margarine-spread-salt-reduced
109916,Obela Hommus Roasted Capsicum 220g,$4.00,$1.82 / 100G,/shop/productdetails/109916/obela-hommus-roasted-capsicum
224602,Lemnos Fetta Traditional 400g,$11.00,$27.50 / 1KG,/shop/productdetails/224602/lemnos-fetta-traditional
765177,Obela Hommus Savoury Garlic 220g,$4.00,$1.82 / 100G,/shop/productdetails/765177/obela-hommus-savoury-garlic
241114,Willow Farm Gherkin Dip 200g,$2.50,$1.25 / 100G,/shop/productdetails/241114/willow-farm-gherkin-dip
60594,Meredith Dairy Goats Cheese 100g,$5.00,$50.00 / 1KG,/shop/productdetails/60594/meredith-dairy-goats-cheese
240183,A2 Milk Lactose Free Light Milk 2l,$6.80,$3.40 / 1L,/shop/productdetails/240183/a2-milk-lactose-free-light-milk
527275,Tasmanian Heritage Camembert Cheese Snack 80g,$4.80,$60.00 / 1KG,/shop/productdetails/527275/tasmanian-heritage-camembert-cheese-snack
278461,My Muscle Chef Thai Green Chicken Curry With Rice 320g,$11.95,$3.73 / 100G,/shop/productdetails/278461/my-muscle-chef-thai-green-chicken-curry-with-rice
202911,Sunny Queen 100% Egg Whites 500g,$8.00,$1.60 / 100G,/shop/productdetails/202911/sunny-queen-100-egg-whites
97106,Mil Lel Shredded Parmesan 170g,$6.90,$40.59 / 1KG,/shop/productdetails/97106/mil-lel-shredded-parmesan
48272,Allowrie Butter 250g,$4.00,$1.60 / 100G,/shop/productdetails/48272/allowrie-butter
239449,Obela Everday Smooth Classic Hommus 450g,$6.00,$1.33 / 100G,/shop/productdetails/239449/obela-everday-smooth-classic-hommus
180432,Dare No Added SugarEspresso Iced Coffee 500ml,$3.00,$6.00 / 1L,/shop/productdetails/180432/dare-no-added-sugar-espresso-iced-coffee
280064,Strength Meals Co Chicken Cacciatore 350g,$9.95,$2.84 / 100G,/shop/productdetails/280064/strength-meals-co-chicken-cacciatore
176869,Made With Plants Dairy Free Sour Cream 250ml,$3.50,$1.40 / 100ML,/shop/productdetails/176869/made-with-plants-dairy-free-sour-cream
148972,Inside Out Barista Almond Uht Milk 1l,$4.00,$4.00 / 1L,/shop/productdetails/148972/inside-out-barista-almond-uht-milk
98018,Yarra Valley Double Brie 200g,$9.40,$47.00 / 1KG,/shop/productdetails/98018/yarra-valley-double-brie
408031,Nutty Bruce Organic Activated Almond Plant Milk 1l,$6.00,$6.00 / 1L,/shop/productdetails/408031/nutty-bruce-organic-activated-almond-plant-milk
327970,Two Spoons Junket Tablets 9g,$4.00,$44.44 / 100G,/shop/productdetails/327970/two-spoons-junket-tablets
263082,Bega Original Cream Cheese Spreadable 225g,$5.00,$22.22 / 1KG,/shop/productdetails/263082/bega-original-cream-cheese-spreadable
757527,La Casa Cherry Bocconcini 220g,$6.00,$27.27 / 1KG,/shop/productdetails/757527/la-casa-cherry-bocconcini
155830,Dare Mocha Iced Coffee 2l,$6.00,$3.00 / 1L,/shop/productdetails/155830/dare-mocha-iced-coffee
67373,Easiyo Yogurt Base Maker Maker Each,$25.00,$25.00 / 1EA,/shop/productdetails/67373/easiyo-yogurt-base-maker-maker
41421,Devondale Butter 500g,$7.50,$1.50 / 100G,/shop/productdetails/41421/devondale-butter
239021,Suntory Boss Coffee Iced Caramel Latte 237ml,$4.00,$16.88 / 1L,/shop/productdetails/239021/suntory-boss-coffee-iced-caramel-latte
84244,Devondale Skim Long Life Milk 6x200ml,$6.00,$5.00 / 1L,/shop/productdetails/84244/devondale-skim-long-life-milk
765116,La Casa Formaggio Mascarpone 250g,$5.50,$22.00 / 1KG,/shop/productdetails/765116/la-casa-formaggio-mascarpone
302096,Mersey Valley Extra Tasty Cheese 180g,$8.70,$48.33 / 1KG,/shop/productdetails/302096/mersey-valley-extra-tasty-cheese
127095,Woolworths Classic Butter Chicken Chilled Meal 400g,$8.90,$2.23 / 100G,/shop/productdetails/127095/woolworths-classic-butter-chicken-chilled-meal
930995,Jarlsberg Lite Cheese Slices Sliced Cheese 150g,$7.50,$50.00 / 1KG,/shop/productdetails/930995/jarlsberg-lite-cheese-slices-sliced-cheese
277553,Moo Dessert Pod Salted Caramel Crumble Yoghurt 170g,$3.50,$2.06 / 100G,/shop/productdetails/277553/moo-dessert-pod-salted-caramel-crumble-yoghurt
110572,Castello Soft Mild Blue Cheese 300g,$14.50,$48.33 / 1KG,/shop/productdetails/110572/castello-soft-mild-blue-cheese
68971,Oak Iced Coffee 600ml,$2.90,$4.83 / 1L,/shop/productdetails/68971/oak-iced-coffee
278198,Fast Fuel Meals Chicken Laksa 350g,$4.50,$1.29 / 100G,/shop/productdetails/278198/fast-fuel-meals-chicken-laksa
647416,Norco Elbo Style Cheese Block 500g,$11.20,$22.40 / 1KG,/shop/productdetails/647416/norco-elbo-style-cheese-block
83334,President Butter Unsalted 200g,$4.50,$2.25 / 100G,/shop/productdetails/83334/president-butter-unsalted
278366,Johnny Wong Stir Fry Rice Noodles 400g,N/A,N/A,/shop/productdetails/278366/johnny-wong-stir-fry-rice-noodles
151067,Nestle Skim Sweetened Condensed Milk 410g,$3.80,$0.93 / 100G,/shop/productdetails/151067/nestle-skim-sweetened-condensed-milk
923892,Obela Spicy Harissa Garnished Hommus 220g,$4.00,$1.82 / 100G,/shop/productdetails/923892/obela-spicy-harissa-garnished-hommus
139501,Thomas Dux Spanish Truffle Sheep's Cheese From The Deli Per Kg,$78.00,$78.00 / 1KG,/shop/productdetails/139501/thomas-dux-spanish-truffle-sheep-s-cheese-from-the-deli
267145,Chobani Oat Yogurt Strawberry Dairy Free 500g,$6.50,$1.30 / 100G,/shop/productdetails/267145/chobani-oat-yogurt-strawberry-dairy-free
627367,Dodoni Cypriot Halloumi 225g,$8.50,$37.78 / 1KG,/shop/productdetails/627367/dodoni-cypriot-halloumi
629482,I Pastai Tortellone Wagyu Beef 300g,$7.00,$2.33 / 100G,/shop/productdetails/629482/i-pastai-tortellone-wagyu-beef
19115,South Cape Marinated Fetta 350g,$11.50,$32.86 / 1KG,/shop/productdetails/19115/south-cape-marinated-fetta
221157,Mainland Garlic & Herb Grass Fed Butter 125g,$3.50,$2.80 / 100G,/shop/productdetails/221157/mainland-garlic-herb-grass-fed-butter
166392,Cheer Cheese Slices Tasty Light 500g,$11.00,$22.00 / 1KG,/shop/productdetails/166392/cheer-cheese-slices-tasty-light
407509,The Complete Dairy Full Cream Milk 1l,$3.50,$3.50 / 1L,/shop/productdetails/407509/the-complete-dairy-full-cream-milk
209155,Dodoni Greek Fetta Cheese 150g,$7.00,$46.67 / 1KG,/shop/productdetails/209155/dodoni-greek-fetta-cheese
198284,Impossible Plant Based Beef Burger 227g,$9.50,$41.85 / 1KG,/shop/productdetails/198284/impossible-plant-based-beef-burger
223868,Lurpak Unsalted Butter 250g,$5.80,$2.32 / 100G,/shop/productdetails/223868/lurpak-unsalted-butter
703683,"Red Rock Deli Dip Beetroot, Feta & Cashew 150g",$4.00,$2.67 / 100G,/shop/productdetails/703683/red-rock-deli-dip-beetroot-feta-cashew
229838,Sunny Queen 12 Extra Large Foodbank Free Range Eggs 700g,N/A,N/A,/shop/productdetails/229838/sunny-queen-12-extra-large-foodbank-free-range-eggs
328103,Dodoni Greek Feta Cheese 400g,$18.50,$46.25 / 1KG,/shop/productdetails/328103/dodoni-greek-feta-cheese
117369,Castello Mini Cheeses Creamy Blue 5 Pack,$5.50,$57.89 / 1KG,/shop/productdetails/117369/castello-mini-cheeses-creamy-blue
101878,Lake Macquarie 18 Large Free Range Eggs 900g,$10.80,$1.20 / 100G,/shop/productdetails/101878/lake-macquarie-18-large-free-range-eggs
261472,La Casa Del Formaggio Traditional Bocconcini 220g,$6.00,$27.27 / 1KG,/shop/productdetails/261472/la-casa-del-formaggio-traditional-bocconcini
185281,Lemnos Paneer Cheese 200g,$8.00,$40.00 / 1KG,/shop/productdetails/185281/lemnos-paneer-cheese
312798,South Cape Herb & Garlic Cream Cheese 200g,$6.50,$32.50 / 1KG,/shop/productdetails/312798/south-cape-herb-garlic-cream-cheese
218851,Don Stix Hot Salami & Tasty Cheese 40g,$2.00,$50.00 / 1KG,/shop/productdetails/218851/don-stix-hot-salami-tasty-cheese
207752,Obela Extra Rich Tahini Hommus 200g,$4.00,$2.00 / 100G,/shop/productdetails/207752/obela-extra-rich-tahini-hommus
28123,South Cape Camembert Cheese 200g,$7.50,$37.50 / 1KG,/shop/productdetails/28123/south-cape-camembert-cheese
48070,Cracker Barrel Block Extra Sharp 250g,$8.50,$34.00 / 1KG,/shop/productdetails/48070/cracker-barrel-block-extra-sharp
277921,Fast Fuel Meals Pumpkin Ginger Soup 350g,$4.50,$1.29 / 100G,/shop/productdetails/277921/fast-fuel-meals-pumpkin-ginger-soup
171299,Nakula Plant Based Vanilla Flavoured Custard 500g,$5.00,$1.00 / 100G,/shop/productdetails/171299/nakula-plant-based-vanilla-flavoured-custard
210571,Grand Italian Tuscan Finest Organic Tomato With Fresh Basil Pasta Sauce 250g,$4.50,$1.80 / 100G,/shop/productdetails/210571/grand-italian-tuscan-finest-organic-tomato-with-fresh-basil-pasta-sauce
97912,Mifroma Le Gruyere 150g,$9.40,$62.67 / 1KG,/shop/productdetails/97912/mifroma-le-gruyere
285334,Yumi's Hommus Zesty Lemon 200g,$3.50,$1.75 / 100G,/shop/productdetails/285334/yumi-s-hommus-zesty-lemon
331721,King Island Dairy Stokes Point Smoked Cheddar Cheese 170g,$10.95,$64.41 / 1KG,/shop/productdetails/331721/king-island-dairy-stokes-point-smoked-cheddar-cheese
551858,Pauls Farmhouse Gold Custard Vanilla 800g,$6.90,$0.86 / 100G,/shop/productdetails/551858/pauls-farmhouse-gold-custard-vanilla-vanilla
74593,Woolworths 18 Large Cage Free Eggs 900g,N/A,N/A,/shop/productdetails/74593/woolworths-18-large-cage-free-eggs
213120,25degrees South Victorian Three Cheese Ravioli Pasta 325g,$9.00,$2.77 / 100G,/shop/productdetails/213120/25degrees-south-victorian-three-cheese-ravioli-pasta
689556,Manning Valley 18 Large Free Range Eggs 900g,N/A,N/A,/shop/productdetails/689556/manning-valley-18-large-free-range-eggs
87470,Thomas Dux Ash Brie 125g,$5.00,$40.00 / 1KG,/shop/productdetails/87470/thomas-dux-ash-brie
214184,Beyond Meatballs 290g,$14.00,$48.28 / 1KG,/shop/productdetails/214184/beyond-meatballs
277762,Fast Fuel Meals Chicken Corn Soup 350g,$4.50,$1.29 / 100G,/shop/productdetails/277762/fast-fuel-meals-chicken-corn-soup
258721,Mexican To Go Nachos Guacamole Cheese 50g,$3.00,$60.00 / 1KG,/shop/productdetails/258721/mexican-to-go-nachos-guacamole-cheese
277777,Dari's Classic Chicken Noodle Soup 550g,$5.00,$0.91 / 100G,/shop/productdetails/277777/dari-s-classic-chicken-noodle-soup
290261,Mainland Garlic & Herbs Spread 140g,$4.00,$2.86 / 100G,/shop/productdetails/290261/mainland-garlic-herbs-spread
178960,South Cape Cream Cheese Apricot & Almond With Sweet Papaya 80g,$4.80,$60.00 / 1KG,/shop/productdetails/178960/south-cape-cream-cheese-apricot-almond-with-sweet-papaya
138261,Dairyworks Pretzel & Cheese 8 Pack 216g,$11.00,$50.93 / 1KG,/shop/productdetails/138261/dairyworks-pretzel-cheese-8-pack
923912,Red Rock Deli Roast Tomato Feta Basil & Cashew Dip 150g,$4.00,$2.67 / 100G,/shop/productdetails/923912/red-rock-deli-roast-tomato-feta-basil-cashew-dip
716246,Chris' Dips Egyptian Beetroot 200g,$4.50,$2.25 / 100G,/shop/productdetails/716246/chris-dips-egyptian-beetroot
240029,Macro 12 Large Pasture Raised Free Range Eggs 600g,N/A,N/A,/shop/productdetails/240029/macro-12-large-pasture-raised-free-range-eggs
823695,"Chris' Heritage Dips Blue Cheese, Fig & Pistachio 170g",$7.00,$4.12 / 100G,/shop/productdetails/823695/chris-heritage-dips-blue-cheese-fig-pistachio
99870,Jones Brothers 12 Extra Large Free Range Eggs 700g,$6.30,$0.90 / 100G,/shop/productdetails/99870/jones-brothers-12-extra-large-free-range-eggs
183797,Woolworths Calorie Controlled Beef Casserole With Mash 350g,$7.00,$2.00 / 100G,/shop/productdetails/183797/woolworths-calorie-controlled-beef-casserole-with-mash
757154,Oak Strawberry Flavoured Milk 300ml,$2.80,$9.33 / 1L,/shop/productdetails/757154/oak-strawberry-flavoured-milk
135208,Woolworths Basil Pesto Arancini Bites 200g,$6.50,$3.25 / 100G,/shop/productdetails/135208/woolworths-basil-pesto-arancini-bites-null
48729,Oak Strawberry Flavoured Milk 600ml,$2.90,$4.83 / 1L,/shop/productdetails/48729/oak-strawberry-flavoured-milk
157312,Oak Vanilla Malt Milk 2l,$5.50,$2.75 / 1L,/shop/productdetails/157312/oak-vanilla-malt-milk
278005,Fast Fuel Meals Potato Leek Soup 350g,$4.50,$1.29 / 100G,/shop/productdetails/278005/fast-fuel-meals-potato-leek-soup
312801,South Cape Cracked Pepper Cream Cheese 200g,$6.50,$32.50 / 1KG,/shop/productdetails/312801/south-cape-cracked-pepper-cream-cheese
98976,Yarra Valley Camembert 200g,$9.40,$47.00 / 1KG,/shop/productdetails/98976/yarra-valley-camembert
9537,Oak Vanilla Malt Milk 600ml,$2.90,$4.83 / 1L,/shop/productdetails/9537/oak-vanilla-malt-milk
161980,Woolworths Macaroni & Cheese Chilled Meal 1.1kg,$13.50,$1.23 / 100G,/shop/productdetails/161980/woolworths-macaroni-cheese-chilled-meal
183800,"Woolworths Calorie Controlled Ricotta, Pumpkin & Spinach Cannelloni 350g",$7.00,$2.00 / 100G,/shop/productdetails/183800/woolworths-calorie-controlled-ricotta-pumpkin-spinach-cannelloni
284855,Yumi's Hommus Roasted Garlic 200g,$3.50,$1.75 / 100G,/shop/productdetails/284855/yumi-s-hommus-roasted-garlic
82074,Chris' Spicy Jalapeno Dip & Spread 200g,$4.50,$2.25 / 100G,/shop/productdetails/82074/chris-spicy-jalapeno-dip-spread
121121,Oak Plus No Sugar Added Vanilla 500ml,$3.70,$7.40 / 1L,/shop/productdetails/121121/oak-plus-no-sugar-added-vanilla
239543,Birch & Waite Pad Thai Stir Fry Sauce 200g,$5.50,$2.75 / 100G,/shop/productdetails/239543/birch-waite-pad-thai-stir-fry-sauce
256368,Mainland Gouda Cheese Slices 180g,$5.00,$27.78 / 1KG,/shop/productdetails/256368/mainland-gouda-cheese-slices
556119,Oak Milk Iced Coffee 2l,$5.50,$2.75 / 1L,/shop/productdetails/556119/oak-milk-iced-coffee
238903,South Cape Australian Edam 180g,$4.80,$26.67 / 1KG,/shop/productdetails/238903/south-cape-australian-edam
214369,Pauls Bluey Banana Flavoured Milk 250ml,$2.25,$9.00 / 1L,/shop/productdetails/214369/pauls-bluey-banana-flavoured-milk
323963,Frico Frico Goat Cheese Wedge 250g,$13.90,$55.60 / 1KG,/shop/productdetails/323963/frico-goat-cheese-wedge
621268,Hunt And Brew Cold Brew Coffee Brazil 400ml,$3.95,$9.88 / 1L,/shop/productdetails/621268/hunt-and-brew-cold-brew-coffee-brazil
824662,Woolworths Chargrilled Chicken Dinner Chilled Meal 350g,$10.00,$2.86 / 100G,/shop/productdetails/824662/woolworths-chargrilled-chicken-dinner-chilled-meal
241656,Delre Sweberg Swiss Per Kg,$26.00,$26.00 / 1KG,/shop/productdetails/241656/delre-sweberg-swiss
92330,My Muscle Chef Lemon Pepper Chicken Chilled Meal 330g,$11.95,$3.62 / 100G,/shop/productdetails/92330/my-muscle-chef-lemon-pepper-chicken-chilled-meal
412172,Norco Full Cream Milk 500ml,$1.70,$3.40 / 1L,/shop/productdetails/412172/norco-full-cream-milk
67550,Mon Ami French Brie Portions 240g,N/A,N/A,/shop/productdetails/67550/mon-ami-french-brie-portions
279762,My Muscle Chef Creamy Chicken & Mushroom Pasta 320g,$11.95,$3.73 / 100G,/shop/productdetails/279762/my-muscle-chef-creamy-chicken-mushroom-pasta
215072,Birch & Waite Creamy Parmesan & Pepper Sauce 200g,$5.50,$2.75 / 100G,/shop/productdetails/215072/birch-waite-creamy-parmesan-pepper-sauce
896367,Norco Pure Jersey Milk 2l,$6.00,$3.00 / 1L,/shop/productdetails/896367/norco-pure-jersey-milk
238740,Bergbaron Reserve Cheese 200g,$7.00,$35.00 / 1KG,/shop/productdetails/238740/bergbaron-reserve-cheese
119829,Pasta Master Chicken & Bacon Bake Chilled Meal 1.2kg,$16.50,$1.38 / 100G,/shop/productdetails/119829/pasta-master-chicken-bacon-bake-chilled-meal
504795,Woolworths Thai Satay Chicken With Rice Chilled Meal 350g,$7.00,$2.00 / 100G,/shop/productdetails/504795/woolworths-thai-satay-chicken-with-rice-chilled-meal
239051,Simply Delish Picante Authentic Mexican Dip Corn With Jalepeno & Lime 170g,$4.50,$2.65 / 100G,/shop/productdetails/239051/simply-delish-picante-authentic-mexican-dip-corn-with-jalepeno-lime
212555,180n Good Sport Chocolate Flavoured Milk 350ml,$2.90,$8.29 / 1L,/shop/productdetails/212555/180-nutrition-180n-good-sport-chocolate-flavoured-milk
259492,Mexican To Go Nachos Chipotle Cheese 50g,$3.00,$60.00 / 1KG,/shop/productdetails/259492/mexican-to-go-nachos-chipotle-cheese
830499,Woolworths Chicken Korma With Rice Chilled Meal 350g,$7.00,$2.00 / 100G,/shop/productdetails/830499/woolworths-chicken-korma-with-rice-chilled-meal
64393,Boursin Garlic & Herb Cheese 80g,$9.00,$116.88 / 1KG,/shop/productdetails/64393/boursin-garlic-herb-cheese
176316,Evergreen Fresh Egg Noodles 350g,$2.70,$0.77 / 100G,/shop/productdetails/176316/evergreen-fresh-egg-noodles
262889,The Boba Bar Bubble Milk Tea Tapioca Pearls Brown Sugar 300ml,$4.00,$13.33 / 1L,/shop/productdetails/262889/the-boba-bar-bubble-milk-tea-tapioca-pearls-brown-sugar
206055,Inside Out Unsweetened Oat Milk 1l,$3.00,$3.00 / 1L,/shop/productdetails/206055/inside-out-unsweetened-oat-milk
739564,Jacquin Chevre Plain 100g,$4.80,$48.00 / 1KG,/shop/productdetails/739564/jacquin-chevre-plain
148414,Chan's Yum Cha Vegetable Curry Puff 5 Pack,$5.50,$2.75 / 100G,/shop/productdetails/148414/chan-s-yum-cha-vegetable-curry-puff
122208,First Press Iced Coffee Almond Milk 350ml,$4.20,$12.00 / 1L,/shop/productdetails/122208/first-press-iced-coffee-almond-milk
210810,Norco Thickened Cream 600ml,$5.30,$0.88 / 100ML,/shop/productdetails/210810/norco-thickened-cream
277612,The Collective Kefir Pourable Yoghurt Vanilla Bean 700g,$5.50,$0.79 / 100G,/shop/productdetails/277612/the-collective-kefir-pourable-yoghurt-vanilla-bean
774405,King Island Dairy Roaring 40s Blue Cheese 120g,$10.95,$91.25 / 1KG,/shop/productdetails/774405/king-island-dairy-roaring-40s-blue-cheese-blue-cheese
290131,Meet Plant Based Beef Free Strips 250g,$5.00,$20.00 / 1KG,/shop/productdetails/290131/meet-plant-based-beef-free-strips
290236,Mainland Pure Salted Butter 125g,$3.80,$3.04 / 100G,/shop/productdetails/290236/mainland-pure-salted-butter
161629,Jarlsberg Wedge 230g,$7.80,$33.91 / 1KG,/shop/productdetails/161629/jarlsberg-wedge
134232,Woolworths Fennel Infused Pork Shoulder Rigatoni Chilled Meal 350g,$10.00,$2.86 / 100G,/shop/productdetails/134232/woolworths-fennel-infused-pork-shoulder-rigatoni-chilled-meal
700423,Hunter Belle Full Cream Milk Unhomogenised 2l,$5.95,$2.98 / 1L,/shop/productdetails/700423/hunter-belle-full-cream-milk-unhomogenised
193964,Lemnos Haloumi Cyprus Style 600g,$16.00,$26.67 / 1KG,/shop/productdetails/193964/lemnos-haloumi-cyprus-style
216900,Mon Ami Double Cream French Brie Petit 125g,$5.20,$41.60 / 1KG,/shop/productdetails/216900/mon-ami-double-cream-french-brie-petit
178962,"Chris' Deli Avocado, Feta & Spicy Jalapeno 170g",$7.00,$4.12 / 100G,/shop/productdetails/178962/chris-deli-avocado-feta-spicy-jalapeno
255401,Mainland Edam Cheese Slices 180g,$5.00,$27.78 / 1KG,/shop/productdetails/255401/mainland-edam-cheese-slices
95977,Castello Marinated Fetta Cubes 265g,$7.00,$26.42 / 1KG,/shop/productdetails/95977/castello-marinated-fetta-cubes
95935,Nestle Milo Original Flavoured Milk Can 240ml,$3.20,$13.33 / 1L,/shop/productdetails/95935/nestle-milo-original-flavoured-milk-can
89097,Garlo's Curry Beef Pie 200g,$4.80,$2.40 / 100G,/shop/productdetails/89097/garlo-s-curry-beef-pie-null
278010,My Muscle Chef Chicken Tortellini Boscaiola Chilled Meal 300g,$11.95,$3.98 / 100G,/shop/productdetails/278010/my-muscle-chef-chicken-tortellini-boscaiola-chilled-meal
187762,Woolworths Brie Style Cheese Slices 150g,$5.00,$33.33 / 1KG,/shop/productdetails/187762/woolworths-brie-style-cheese-slices
240059,Fast Fuel Roast Chicken & Vegetables 350g,$9.95,$2.84 / 100G,/shop/productdetails/240059/fast-fuel-roast-chicken-vegetables
122978,First Press Iced Coffee Oat Milk Double Shot 350ml,$4.20,$12.00 / 1L,/shop/productdetails/122978/first-press-iced-coffee-oat-milk-double-shot
88999,Garlo's Lean Beef Pie 200g,$4.80,$2.40 / 100G,/shop/productdetails/88999/garlo-s-lean-beef-pie-null
23975,Maggie Beer Ash Triple Cream Brie 200g,$9.30,$46.50 / 1KG,/shop/productdetails/23975/maggie-beer-ash-triple-cream-brie
250852,Mersey Valley Pickled Onion Cheddar Cheese 235g,$6.90,$29.36 / 1KG,/shop/productdetails/250852/mersey-valley-pickled-onion-cheddar-cheese
238284,"Moondarra Honey, Fig Macadamia Soft Cheese 120g",$3.90,$32.50 / 1KG,/shop/productdetails/238284/moondarra-honey-fig-macadamia-soft-cheese
638913,Yarra Valley Cheese Salted Honey Cow 120g,$5.00,$41.67 / 1KG,/shop/productdetails/638913/yarra-valley-cheese-salted-honey-cow
176890,Made With Plants Dairy Free Thickened Cream 250ml,$3.50,$1.40 / 100ML,/shop/productdetails/176890/made-with-plants-dairy-free-thickened-cream
161994,Woolworths Slow Cooked Beef Ragu Lasagne 1.3kg,$19.50,$1.50 / 100G,/shop/productdetails/161994/woolworths-slow-cooked-beef-ragu-lasagne-null
107323,Bio Dairy Free Cheese Spread 150g,$7.00,$46.67 / 1KG,/shop/productdetails/107323/bio-dairy-free-cheese-spread
146232,Igor Gorgonzola Casaleonardi 195g,$7.50,$38.46 / 1KG,/shop/productdetails/146232/igor-gorgonzola-casaleonardi
101565,Lake Macquarie 12 Jumbo Free Range Eggs 800g,$8.30,$1.04 / 100G,/shop/productdetails/101565/lake-macquarie-12-jumbo-free-range-eggs
147692,Thomas Dux French Washed Rind Sheep's Milk Brie From The Deli Per Kg,N/A,N/A,/shop/productdetails/147692/thomas-dux-french-washed-rind-sheep-s-milk-brie-from-the-deli
276707,Australia's Own Lower Cholesterol Milk 1l,$2.90,$2.90 / 1L,/shop/productdetails/276707/australia-s-own-lower-cholesterol-milk
178450,South Cape Cream Cheese Sweet Chilli 80g,$4.80,$60.00 / 1KG,/shop/productdetails/178450/south-cape-cream-cheese-sweet-chilli
238378,Maggie Beer Smoked Club Cheddar Aged 12+ Months 150g,$6.00,$40.00 / 1KG,/shop/productdetails/238378/maggie-beer-smoked-club-cheddar-aged-12-months
677235,South Cape Sweet Chilli Cream Cheese 200g,$6.50,$32.50 / 1KG,/shop/productdetails/677235/south-cape-sweet-chilli-cream-cheese
239839,Chris' Hommus Dip & Middle Eastern Dukkah 170g,$5.50,$3.24 / 100G,/shop/productdetails/239839/chris-hommus-dip-middle-eastern-dukkah
98090,Mersey Valley Jalapeno Cheese 80g,$4.80,$60.00 / 1KG,/shop/productdetails/98090/mersey-valley-jalapeno-cheese
262751,Breaka Chupa Chups Strawberries & Cream 600ml,$3.90,$6.50 / 1L,/shop/productdetails/262751/breaka-chupa-chups-strawberries-cream
193819,Kehoe's Kitchen Red Kimchi 410g,$10.00,$24.39 / 1KG,/shop/productdetails/193819/kehoe-s-kitchen-red-kimchi
140168,Thomas Dux Italian Parmigiano Reggiano Over 30 Months Matured 200g,$12.50,$62.50 / 1KG,/shop/productdetails/140168/thomas-dux-italian-parmigiano-reggiano-over-30-months-matured
691289,Maggie Beer Traditional Camembert 200g,$9.30,$46.50 / 1KG,/shop/productdetails/691289/maggie-beer-traditional-camembert
78197,Woolworths Hearty Vegetable Lasagne 700g,$14.50,$2.07 / 100G,/shop/productdetails/78197/woolworths-hearty-vegetable-lasagne-null
212040,Grand Italian Pan Fry Gnocchi Three Cheese 400g,$7.00,$1.75 / 100G,/shop/productdetails/212040/grand-italian-pan-fry-gnocchi-three-cheese
244194,Mersey Valley Ploughmans Cheddar Cheese 235g,$6.90,$29.36 / 1KG,/shop/productdetails/244194/mersey-valley-ploughmans-cheddar-cheese
243221,Pauls Violet Crumble Choc Honeycomb Custard 170g,$3.00,$1.76 / 100G,/shop/productdetails/243221/pauls-violet-crumble-choc-honeycomb-custard
261000,Bega Original Cream Cheese Block 225g,$4.00,$17.78 / 1KG,/shop/productdetails/261000/bega-original-cream-cheese-block
243610,Farmers Union Plus Pourable Mango Yoghurt Drink 750g,N/A,N/A,/shop/productdetails/243610/farmers-union-plus-pourable-mango-yoghurt-drink
330227,Meredith Dairy Dill Cheese 150g,$9.00,$60.00 / 1KG,/shop/productdetails/330227/meredith-dairy-dill-cheese
191040,Thomas Dux Club Cheddar Cheese 235g,$5.50,$23.40 / 1KG,/shop/productdetails/191040/thomas-dux-club-cheddar-cheese
175839,Red Rock Deli Classics Sour Cream & Chives 190g,$4.40,$2.32 / 100G,/shop/productdetails/175839/red-rock-deli-classics-sour-cream-chives
827477,Woolworths New York Pepper Steak Chilled Meal 400g,$13.00,$3.25 / 100G,/shop/productdetails/827477/woolworths-new-york-pepper-steak-chilled-meal
181120,Bennett St Dairy Original Choc Chip Cookie Dough 500g,$13.00,$2.60 / 100G,/shop/productdetails/181120/bennett-st-dairy-original-choc-chip-cookie-dough
369841,Guilleteau Le Fromager Double Cream Specialty Per Kg,$85.00,$85.00 / 1KG,/shop/productdetails/369841/guilleteau-le-fromager-double-cream-specialty
278425,Ready Chef Penne Bolognaise 350g,$5.00,$1.43 / 100G,/shop/productdetails/278425/ready-chef-penne-bolognaise
239408,Simply Delish Beetroot With Cashews & Parmesan Dip 150g,$3.60,$2.40 / 100G,/shop/productdetails/239408/simply-delish-beetroot-with-cashews-parmesan-dip
263900,Oak Choc Lactose Free Milk 600ml,$2.90,$4.83 / 1L,/shop/productdetails/263900/oak-choc-lactose-free-milk
239031,"Dari's Beetroot, Celery & Ginger Soup 350g",$4.85,$1.39 / 100G,/shop/productdetails/239031/dari-s-beetroot-celery-ginger-soup
191041,Thomas Dux Wensleydale & Cranberry 150g,$6.00,$40.00 / 1KG,/shop/productdetails/191041/thomas-dux-wensleydale-cranberry
289209,Veef Plant Based Beef Steak 360g,$8.00,$22.22 / 1KG,/shop/productdetails/289209/veef-plant-based-beef-steak
162622,Woolworths Beef Mince & Rich Gravy Pastry Chilled Meal 700g,$11.50,$1.64 / 100G,/shop/productdetails/162622/woolworths-beef-mince-rich-gravy-pastry-chilled-meal
684255,Castello Creamy Havarti 200g,$6.50,$32.50 / 1KG,/shop/productdetails/684255/castello-creamy-havarti
292097,Meet Plant Based Beef Free Mince 300g,$5.50,$18.33 / 1KG,/shop/productdetails/292097/meet-plant-based-beef-free-mince
290685,Veef Plant Based Roast Chicken 360g,$8.00,$22.22 / 1KG,/shop/productdetails/290685/veef-plant-based-roast-chicken
369738,Woolworths Fresh Parmigianno Reggiano Cheese Wheel Per Kg,$80.00,$80.00 / 1KG,/shop/productdetails/369738/woolworths-fresh-parmigianno-reggiano-cheese-wheel
772287,Ice Break Regular 2 Shot Strength Iced Coffee Milk 2l,$6.00,$3.00 / 1L,/shop/productdetails/772287/ice-break-regular-2-shot-strength-iced-coffee-milk
824696,Woolworths Beef Casserole Chilled Meal 800g,$18.00,$2.25 / 100G,/shop/productdetails/824696/woolworths-beef-casserole-chilled-meal
237510,Maggie Beer Vintage Club Cheddar Aged 12+ Months 150g,$6.00,$40.00 / 1KG,/shop/productdetails/237510/maggie-beer-vintage-club-cheddar-aged-12-months
802675,Almo Unsweetened Almond Milk 1l,$5.90,$5.90 / 1L,/shop/productdetails/802675/almo-unsweetened-almond-milk
278904,Ready Chef Tomato Bacon Pasta 350g,$5.00,$1.43 / 100G,/shop/productdetails/278904/ready-chef-tomato-bacon-pasta
714429,Fresh Fodder Hommous Dip 200g,$4.40,$2.20 / 100G,/shop/productdetails/714429/fresh-fodder-hommous-dip
215002,Latina Fresh Creamy Spinach Pasta Sauce 425g,$7.50,$1.76 / 100G,/shop/productdetails/215002/latina-fresh-creamy-spinach-pasta-sauce
183798,Woolworths Calorie Controlled Butter Chicken With Rice 350g,$7.00,$2.00 / 100G,/shop/productdetails/183798/woolworths-calorie-controlled-butter-chicken-with-rice
220822,Barista Bruce Oat Milk 1l,$6.00,$6.00 / 1L,/shop/productdetails/220822/barista-bruce-barista-bruce-oat-milk
33373,Foster Clark's Seriously Creamy Egg Custard Powder Mix 75g,$3.50,$4.67 / 100G,/shop/productdetails/33373/foster-clark-s-seriously-creamy-egg-custard-powder-mix
238011,Jarlsberg Per Kg,$37.00,$37.00 / 1KG,/shop/productdetails/238011/jarlsberg-jarlsberg
726490,Mon Ami French Brie Cheese 200g,$7.20,$36.00 / 1KG,/shop/productdetails/726490/mon-ami-french-brie-cheese
815421,Chris' Heritage Smoked Gouda & Jalapeno Dip 170g,$7.00,$4.12 / 100G,/shop/productdetails/815421/chris-heritage-smoked-gouda-jalapeno-dip
248932,Moira Mac's Roast Chicken Breast Slices 170g,$6.60,$38.82 / 1KG,/shop/productdetails/248932/moira-mac-s-roast-chicken-breast-slices
243633,Farmers Union Plus Pourable Plain Yoghurt Drink 750g,N/A,N/A,/shop/productdetails/243633/farmers-union-plus-pourable-plain-yoghurt-drink
139085,Thomas Dux Yorkshire Wensleydale With Cranberry From The Deli Per Kg,$50.00,$50.00 / 1KG,/shop/productdetails/139085/thomas-dux-yorkshire-wensleydale-with-cranberry-from-the-deli
154007,Yarra Valley Cheese Marinated Persian Fetta With Chilli 180g,$7.10,$39.44 / 1KG,/shop/productdetails/154007/yarra-valley-cheese-marinated-persian-fetta-with-chilli
219254,Yarra Valley Spreadable Goat Cheese 150g,$9.80,$65.33 / 1KG,/shop/productdetails/219254/yarra-valley-spreadable-goat-cheese
82863,Chris' Plant Based Guacamole Dip 200g,$4.50,$2.25 / 100G,/shop/productdetails/82863/chris-plant-based-guacamole-dip
331692,Chrystal Fresh Cheese Board Selection Selection 275g,$13.00,$47.27 / 1KG,/shop/productdetails/331692/chrystal-fresh-cheese-board-selection-selection
272089,Coyo Organic Coconut Yoghurt Mango 500g,$8.50,$1.70 / 100G,/shop/productdetails/272089/coyo-organic-coconut-yoghurt-mango
92517,Dairy Farmers Classic Caramel 500ml,$2.90,$5.80 / 1L,/shop/productdetails/92517/dairy-farmers-classic-caramel
181873,I Pastai Fresh Pappardelle 350g,$4.50,$1.29 / 100G,/shop/productdetails/181873/i-pastai-fresh-pappardelle
288162,"Inside Out Unsweetened Almond Milk With Collagen, Calcium & Prebiotics 1l",$5.50,$5.50 / 1L,/shop/productdetails/288162/inside-out-unsweetened-almond-milk-with-collagen-calcium-prebiotics
283966,Simply Delish Organic Greek Style Tzatziki 150g,$5.50,$3.67 / 100G,/shop/productdetails/283966/simply-delish-organic-greek-style-tzatziki
282026,Garlo's Butter Chicken Pie 200g,$5.40,$2.70 / 100G,/shop/productdetails/282026/garlo-s-butter-chicken-pie
647408,Norco Elbo Style Cheese Slices 250g,$7.90,$31.60 / 1KG,/shop/productdetails/647408/norco-elbo-style-cheese-slices
176913,Red Rock Deli Classics Chargrilled Style Corn Relish 190g,$4.40,$2.32 / 100G,/shop/productdetails/176913/red-rock-deli-classics-chargrilled-style-corn-relish
208907,Chris' Deli Dip Basil Pesto 170g,$7.00,$4.12 / 100G,/shop/productdetails/208907/chris-deli-dip-basil-pesto
85358,Dairy Farmers Vanilla Custard 1kg,$5.20,$0.52 / 100G,/shop/productdetails/85358/dairy-farmers-vanilla-custard
323951,Frico Mild Edam Cheese Wedge 230g,$9.50,$41.30 / 1KG,/shop/productdetails/323951/frico-mild-edam-cheese-wedge
54278,Puregg Free Range Liquid Egg White 500g,N/A,N/A,/shop/productdetails/54278/puregg-free-range-liquid-egg-white
750005,Devondale Full Cream Milk Powder 1kg,$16.50,$1.65 / 100G,/shop/productdetails/750005/devondale-full-cream-milk-powder
378561,Oak Banana Flavoured Milk 600ml,$2.90,$4.83 / 1L,/shop/productdetails/378561/oak-banana-flavoured-milk
369731,Woolworths Fresh Parmesan Grana Padano Cheese Wheel Per Kg,$66.00,$66.00 / 1KG,/shop/productdetails/369731/woolworths-fresh-parmesan-grana-padano-cheese-wheel
265087,Dairy Farmers Classic Banana Split 500ml,$2.90,$5.80 / 1L,/shop/productdetails/265087/dairy-farmers-classic-banana-split
238690,Dare Butterscotch Latte Iced Cofee 750ml,$4.90,$6.53 / 1L,/shop/productdetails/238690/dare-butterscotch-latte-iced-cofee
265062,The Boba Bar Bubble Milk Tea With Tapioca Pearls Original 300ml,$4.00,$13.33 / 1L,/shop/productdetails/265062/the-boba-bar-bubble-milk-tea-with-tapioca-pearls-original
215493,Made With Plants Meat Free Deli Style Pepperoni 100g,$6.00,$60.00 / 1KG,/shop/productdetails/215493/made-with-plants-meat-free-deli-style-pepperoni
238249,Mersey Valley Club Cheddar Vintage Summer Fruits 80g,$4.80,$60.00 / 1KG,/shop/productdetails/238249/mersey-valley-club-cheddar-vintage-summer-fruits
206977,"Red Rock Deli Thai Chilli, Lime & Cashews 150g",$4.00,$2.67 / 100G,/shop/productdetails/206977/red-rock-deli-thai-chilli-lime-cashews
684141,Norco Real Triple Shot 750ml,$4.30,$5.73 / 1L,/shop/productdetails/684141/norco-real-triple-shot
218796,Norco Thickened Cream 300ml,$3.20,$1.07 / 100ML,/shop/productdetails/218796/norco-thickened-cream
261916,Boss Iced Mocha Coffee 237ml,$4.00,$16.88 / 1L,/shop/productdetails/261916/boss-iced-mocha-coffee
751148,Mon Ami French Camembert Cheese 200g,$7.20,$36.00 / 1KG,/shop/productdetails/751148/mon-ami-french-camembert-cheese
277280,V2 Macaroni Bake 350g,$9.00,$2.57 / 100G,/shop/productdetails/277280/v2-macaroni-bake
183801,Woolworths Calorie Controlled Macaroni & Cheese 350g,$7.00,$2.00 / 100G,/shop/productdetails/183801/woolworths-calorie-controlled-macaroni-cheese
238301,Oak Thickshake Neapolitan Flavoured Milk 425ml,$3.80,$8.94 / 1L,/shop/productdetails/238301/oak-thickshake-neapolitan-flavoured-milk
710998,South Cape White Wine Matched Selection 320g,$17.00,$53.13 / 1KG,/shop/productdetails/710998/south-cape-white-wine-matched-selection
278407,Birch & Waite Hollandaise Sauce 160g,$5.50,$3.44 / 100G,/shop/productdetails/278407/birch-waite-hollandaise-sauce
239443,Fry's Chick'n Pieces Per-peri Plant Based 250g,$6.50,$26.00 / 1KG,/shop/productdetails/239443/frys-chick-n-pieces-per-peri-plant-based
31165,Melbourne Cheese Company Persian Fetta 250g,$7.50,$30.00 / 1KG,/shop/productdetails/31165/melbourne-cheese-company-persian-fetta
265616,Viking Platter Swedish Caviar 150g,$6.00,$40.00 / 1KG,/shop/productdetails/265616/viking-platter-swedish-caviar
134238,Woolworths Angus Beef & Pork Meatball Rigatoni Chilled Meal 1.3kg,$19.50,$1.50 / 100G,/shop/productdetails/134238/woolworths-angus-beef-pork-meatball-rigatoni-chilled-meal
153019,I Pastai Fresh Linguine 350g,$4.50,$1.29 / 100G,/shop/productdetails/153019/i-pastai-fresh-linguine
285004,Obela Beetroot Hommus 450g,$6.00,$1.33 / 100G,/shop/productdetails/285004/obela-beetroot-hommus
140169,Thomas Dux French Comte Matured 8 Months 175g,$11.10,$63.43 / 1KG,/shop/productdetails/140169/thomas-dux-french-comte-matured-8-months
211612,Woolworths Butter Chicken 800g,$12.00,$1.50 / 100G,/shop/productdetails/211612/woolworths-butter-chicken
248073,Woolworths Slow Cooked Bbq Beef Brisket With Sweet Potato Mash 400g,$13.00,$13.00 / 400G,/shop/productdetails/248073/woolworths-slow-cooked-bbq-beef-brisket-with-sweet-potato-mash
248178,Woolworths Slow Cooked Beef Bourguignon With Roasted Garlic Mash 400g,$13.00,$13.00 / 400G,/shop/productdetails/248178/woolworths-slow-cooked-beef-bourguignon-with-roasted-garlic-mash
244154,Mersey Valley Peppercorn Medley Cheddar Cheese 235g,$6.90,$29.36 / 1KG,/shop/productdetails/244154/mersey-valley-peppercorn-medley-cheddar-cheese
54250,Pace Farm 30 Cage Free Eggs 1.5kg,N/A,N/A,/shop/productdetails/54250/pace-farm-30-cage-free-eggs
278160,Ready Chef Creamy Pasta 350g,$5.00,$1.43 / 100G,/shop/productdetails/278160/ready-chef-creamy-pasta
290922,Veef Plant Based Beef Brisket 360g,$8.00,$22.22 / 1KG,/shop/productdetails/290922/veef-plant-based-beef-brisket
249784,King Island Dairy Three Rivers Bay Triple Cream Brie Cheese 175g,$14.90,$85.14 / 1KG,/shop/productdetails/249784/king-island-dairy-three-rivers-bay-triple-cream-brie-cheese
219676,Naked Life Peach Betta Bobo Iced Bubble Tea Can 315ml,$3.00,$9.52 / 1L,/shop/productdetails/219676/naked-life-peach-betta-bobo-iced-bubble-tea-can
259589,Breaka Chupa Chups Choco Vanilla 600ml,$3.90,$6.50 / 1L,/shop/productdetails/259589/breaka-chupa-chups-choco-vanilla
715951,Frico Gouda Cumin Wedge 265g,$7.50,$29.41 / 1KG,/shop/productdetails/715951/frico-gouda-cumin-wedge
88511,Garlo's Beef Sausage Roll Chilled Meal 200g,$4.80,$2.40 / 100G,/shop/productdetails/88511/garlo-s-beef-sausage-roll-chilled-meal
29121,Melbourne Cheese Company Fetta Garlic & Herbs 250g,$7.50,$30.00 / 1KG,/shop/productdetails/29121/melbourne-cheese-company-fetta-garlic-herbs
278007,Ready Chef Chicken Curry Rice 350g,$5.00,$1.43 / 100G,/shop/productdetails/278007/ready-chef-chicken-curry-rice
209653,Chris' Heritage Camembert Cherry & Walnut Dip 170g,$7.00,$4.12 / 100G,/shop/productdetails/209653/chris-heritage-camembert-cherry-walnut-dip
288210,Picasso Kitchen Pinsa Romana Pepperoni & Smoked Ham 300g,$7.50,$2.50 / 100G,/shop/productdetails/288210/picasso-kitchen-pinsa-romana-pepperoni-smoked-ham
827476,Woolworths Prosciutto Wrapped Chicken Chilled Meal 400g,$13.00,$3.25 / 100G,/shop/productdetails/827476/woolworths-prosciutto-wrapped-chicken-chilled-meal
248605,Cadbury Caramello Chocolate Mousse 80g X 2 Pack,$6.00,$3.75 / 100G,/shop/productdetails/248605/cadbury-caramello-chocolate-mousse
218930,Mon Ami Mild & Creamy Camembert Petit 125g,$5.20,$41.60 / 1KG,/shop/productdetails/218930/mon-ami-mild-creamy-camembert-petit
134199,Woolworths Chicken Pappardelle Carbonara Chilled Meal 350g,$10.00,$2.86 / 100G,/shop/productdetails/134199/woolworths-chicken-pappardelle-carbonara-chilled-meal
215276,Made With Plants Meat Free Deli Style Chicken 100g,$6.00,$60.00 / 1KG,/shop/productdetails/215276/made-with-plants-meat-free-deli-style-chicken
215012,Birch & Waite Creamy Pesto Sauce 200g,$5.50,$2.75 / 100G,/shop/productdetails/215012/birch-waite-creamy-pesto-sauce
277645,Dari's Chicken & Corn Soup 1.2kg,$12.45,$1.04 / 100G,/shop/productdetails/277645/dari-s-chicken-corn-soup
240005,Fast Fuel Chicken Katsudon Ready Meal 350g,$9.95,$2.84 / 100G,/shop/productdetails/240005/fast-fuel-chicken-katsudon-ready-meal
286187,Garlo's Apple Pie 180g,$4.80,$2.67 / 100G,/shop/productdetails/286187/garlo-s-apple-pie
67278,King Island Dairy Victoria Cove Smoked Camembert Cheese 200g,$14.90,$74.50 / 1KG,/shop/productdetails/67278/king-island-dairy-victoria-cove-smoked-camembert-cheese
218811,Naked Life Mango Betta Boba Iced Bubble Tea Can 315ml,$3.00,$9.52 / 1L,/shop/productdetails/218811/naked-life-mango-betta-boba-iced-bubble-tea-can
240261,Chris' Hommus Dip & Moroccan Dukkah Moroccan Dukkah 170g,$5.50,$3.24 / 100G,/shop/productdetails/240261/chris-hommus-dip-moroccan-dukkah-moroccan-dukkah
877456,Fromager D'affinois Cheese Campagnier Per Kg,$95.00,$95.00 / 1KG,/shop/productdetails/877456/fromager-d-affinois-cheese-campagnier
238567,Grand Italian Tuscans Finest Pumpkin Girasoli 325g,$6.00,$1.85 / 100G,/shop/productdetails/238567/grand-italian-tuscans-finest-pumpkin-girasoli
278159,Johnny Wong Pad Thai Sauce 250g,$5.00,$2.00 / 100G,/shop/productdetails/278159/johnny-wong-pad-thai-sauce
180020,Pasta Master Macaroni Meaty Mac & Cheese Chilled Meal 1.2kg,$16.50,$1.38 / 100G,/shop/productdetails/180020/pasta-master-macaroni-meaty-mac-cheese-chilled-meal
288635,Rama Original Spread 1kg,$6.50,$0.65 / 100G,/shop/productdetails/288635/rama-original-spread
265064,Straight From The Farm 12 Cage Free Eggs 700g,$4.95,$0.71 / 100G,/shop/productdetails/265064/straight-from-the-farm-12-cage-free-eggs
308976,Castello Extra Creamy Mild Blue Cheese 100g,$5.80,$58.00 / 1KG,/shop/productdetails/308976/castello-extra-creamy-mild-blue-cheese
379635,Cheese Provolone Dolce From The Deli Per Kg,$45.00,$45.00 / 1KG,/shop/productdetails/379635/cheese-provolone-dolce-from-the-deli
277294,Grand Italian Tuscan Finest Panfry Gnocchi Sundried Tomato & Cheese 400g,N/A,N/A,/shop/productdetails/277294/grand-italian-tuscan-finest-panfry-gnocchi-sundried-tomato-cheese
101566,Lake Macquarie 6 Large Free Range Eggs 350g,$4.25,$1.21 / 100G,/shop/productdetails/101566/lake-macquarie-6-large-free-range-eggs
238531,Fqkitchen Supreme Pizza 600g,N/A,N/A,/shop/productdetails/238531/fq-kitchen-supreme-pizza
89332,Garlo's Chunky Steak Pie 200g,$5.40,$2.70 / 100G,/shop/productdetails/89332/garlo-s-chunky-steak-pie-null
40353,King Island Dairy Cape Wickham Double Brie Cheese 200g,$14.90,$74.50 / 1KG,/shop/productdetails/40353/king-island-dairy-cape-wickham-double-brie-cheese
228659,Port Salut Cheese 150g,$9.60,$64.00 / 1KG,/shop/productdetails/228659/port-salut-cheese
277761,Easy Eats Chicken Burrito Bowl 350g,$8.50,$2.43 / 100G,/shop/productdetails/277761/easy-eats-chicken-burrito-bowl
215895,Latina Chicken Lasagne 350g,$7.50,$2.14 / 100G,/shop/productdetails/215895/latina-chicken-lasagne
556932,Norco Real Iced Coffee Triple Shot 500ml,$2.90,$5.80 / 1L,/shop/productdetails/556932/norco-real-iced-coffee-triple-shot
865382,The Coach House Dairy Chocolate Milk 300ml,$3.55,$11.83 / 1L,/shop/productdetails/865382/the-coach-house-dairy-chocolate-milk
140170,Thomas Dux Aged Dutch Gouda 200g,$8.00,$40.00 / 1KG,/shop/productdetails/140170/thomas-dux-aged-dutch-gouda
313898,Manning Valley 12 Large Free Range Eggs 600g,N/A,N/A,/shop/productdetails/313898/manning-valley-12-large-free-range-eggs
347138,Tasmanian Heritage Mild Blue Cheese 120g,$7.35,$61.25 / 1KG,/shop/productdetails/347138/tasmanian-heritage-mild-blue-cheese
253855,Alambra Traditional Halloumi 700g,$20.00,$28.57 / 1KG,/shop/productdetails/253855/alambra-traditional-halloumi
377170,Will Studd Brillat Savarin 200g,$26.00,$130.00 / 1KG,/shop/productdetails/377170/will-studd-brillat-savarin
191726,Macro 12 Large Organic Australian Free Range Eggs 600g,N/A,N/A,/shop/productdetails/191726/macro-12-large-organic-australian-free-range-eggs
286388,Made With Plants Meat Free Roast Duck 300g,$8.00,$26.67 / 1KG,/shop/productdetails/286388/made-with-plants-meat-free-roast-duck
99054,Mersey Valley Jalapeno Cheese 235g,$6.90,$29.36 / 1KG,/shop/productdetails/99054/mersey-valley-jalapeno-cheese
94988,Thomas Dux Marinated Goats Cheese 300g,$10.70,$35.67 / 1KG,/shop/productdetails/94988/thomas-dux-marinated-goats-cheese
238384,Fqkitchen Bbq Meatlovers Pizza 600g,N/A,N/A,/shop/productdetails/238384/fq-kitchen-bbq-meatlovers-pizza
262109,Ice Break Double Espresso Coffee Flavoured Milk 320ml,$2.65,$8.28 / 1L,/shop/productdetails/262109/ice-break-double-espresso-coffee-flavoured-milk
265689,Aeroplane Jelly Mango Flavoured Milk 500ml,$4.50,$9.00 / 1L,/shop/productdetails/265689/aeroplane-jelly-mango-flavoured-milk
110573,Castello Double Cream Brie 300g,$14.50,$48.33 / 1KG,/shop/productdetails/110573/castello-double-cream-brie
331719,King Island Dairy Surprise Bay Cheddar Cheese 170g,$10.95,$64.41 / 1KG,/shop/productdetails/331719/king-island-dairy-surprise-bay-cheddar-cheese
238635,Latina Fresh Carbonara Pasta Bake 350g,$7.50,$2.14 / 100G,/shop/productdetails/238635/latina-fresh-carbonara-pasta-bake
277146,Easy Eats Beef Stroganoff Pasta 350g,$8.50,$2.43 / 100G,/shop/productdetails/277146/easy-eats-beef-stroganoff-pasta
238250,Latina Fresh Bolognaise Pasta Bake 350g,$7.50,$2.14 / 100G,/shop/productdetails/238250/latina-fresh-bolognaise-pasta-bake
203365,Sunny Queen Scrambled Egg Mix 500g,N/A,N/A,/shop/productdetails/203365/sunny-queen-scrambled-egg-mix
211613,Woolworths Chilli Con Carne 800g,$13.50,$1.69 / 100G,/shop/productdetails/211613/woolworths-chilli-con-carne
277320,Easy Eats Chicken Pesto Pasta 350g,$8.50,$2.43 / 100G,/shop/productdetails/277320/easy-eats-chicken-pesto-pasta
277760,Fast Fuel Meals Creamy Lemon Chicken 350g,$9.95,$2.84 / 100G,/shop/productdetails/277760/fast-fuel-meals-creamy-lemon-chicken
88508,Garlo's Family Pie Lean Beef 550g,$11.60,$2.11 / 100G,/shop/productdetails/88508/garlo-s-family-pie-lean-beef-null
288205,Picasso Kitchen Pinsa Romana Mini Meatballs & Parmesan 300g,$7.50,$2.50 / 100G,/shop/productdetails/288205/picasso-kitchen-pinsa-romana-mini-meatballs-parmesan
288176,Picasso Kitchen Pinsa Romana Roasted Chicken & Pesto 300g,$7.50,$2.50 / 100G,/shop/productdetails/288176/picasso-kitchen-pinsa-romana-roasted-chicken-pesto
211889,Grand Italian Gnocchi Pesto & Parmesan Premium 400g,$7.00,$1.75 / 100G,/shop/productdetails/211889/grand-italian-gnocchi-pesto-parmesan-premium
161626,Fqkitchen Gourmet Garlic Bread 140g,$3.50,$2.50 / 100G,/shop/productdetails/161626/fq-kitchen-gourmet-garlic-bread
240376,Hunt And Brew Peru Mocha Coffee Milk Drink 400ml,$3.95,$9.88 / 1L,/shop/productdetails/240376/hunt-and-brew-peru-mocha-coffee-milk-drink
715950,Frico Gouda Wedge 265g,$9.50,$36.54 / 1KG,/shop/productdetails/715950/frico-gouda-wedge
181955,Ice Break Mocha - Oak Iced Coffee Flavoured Milk 750ml,$3.95,$5.27 / 1L,/shop/productdetails/181955/ice-break-mocha-oak-iced-coffee-flavoured-milk
285058,Simplydelish Organic Basil Pesto 150g,$5.50,$3.67 / 100G,/shop/productdetails/285058/simplydelish-organic-basil-pesto
369753,Woolworths Fresh Dutch Log Smoked Cheese Per Kg,$50.00,$50.00 / 1KG,/shop/productdetails/369753/woolworths-fresh-dutch-log-smoked-cheese
262800,Brownes Vanilla Natural Flavoured Milk 250ml,$2.50,$10.00 / 1L,/shop/productdetails/262800/brownes-dairy-vanilla-natural-flavoured-milk
242314,Caldermeade Farm Goat Milk 1l,$6.90,$6.90 / 1L,/shop/productdetails/242314/caldermeade-farm-goat-milk
263345,Norco Non Dairy Oat White Mylk 1l,$5.50,$5.50 / 1L,/shop/productdetails/263345/norco-non-dairy-oat-white-mylk
147693,Thomas Dux French Truffle Brie From The Deli Per Kg,$65.00,$65.00 / 1KG,/shop/productdetails/147693/thomas-dux-french-truffle-brie-from-the-deli
248222,Woolworths Roasted Garlic Lamb Moussaka 350g,$10.00,$10.00 / 350G,/shop/productdetails/248222/woolworths-roasted-garlic-lamb-moussaka
239585,Yarra Valley Persian Fetta Dill & Chives 180g,$7.10,$39.44 / 1KG,/shop/productdetails/239585/yarra-valley-persian-fetta-dill-chives
263671,Brownes Choc Natural Flavoured Milk 250ml,$2.50,$10.00 / 1L,/shop/productdetails/263671/brownes-dairy-choc-natural-flavoured-milk
237888,Maggie Beer Caramelised Onion Club Cheddar Aged 12+ Months 150g,$6.00,$40.00 / 1KG,/shop/productdetails/237888/maggie-beer-caramelised-onion-club-cheddar-aged-12-months
713500,Mon Pere Brie From The Deli Per Kg,$55.00,$55.00 / 1KG,/shop/productdetails/713500/mon-pere-brie-from-the-deli
556934,Norco Real Iced Chocolate Milk Ultimate 500ml,$2.90,$5.80 / 1L,/shop/productdetails/556934/norco-real-iced-chocolate-milk-ultimate
613368,Norco Real Iced Chocolate Ultimate 750ml,$4.30,$5.73 / 1L,/shop/productdetails/613368/norco-real-iced-chocolate-ultimate
262820,Dairy Farmers Choc Lactose Free 500ml,$2.90,$5.80 / 1L,/shop/productdetails/262820/dairy-farmers-choc-lactose-free
284618,Obela Hommus Garnished Basil Pesto 220g,$4.00,$1.82 / 100G,/shop/productdetails/284618/obela-hommus-garnished-basil-pesto
278022,Fast Fuel Meals Smokey Beef & Mash 350g,$9.95,$2.84 / 100G,/shop/productdetails/278022/fast-fuel-meals-smokey-beef-mash
219804,Naked Life Brown Sugar Betta Boba Milk Bubble Tea Can 315ml,$3.00,$9.52 / 1L,/shop/productdetails/219804/naked-life-brown-sugar-betta-boba-milk-bubble-tea-can
209264,Chris' Homestyle Spicy Mediterranean Dip 200g,$4.50,$2.25 / 100G,/shop/productdetails/209264/chris-homestyle-spicy-mediterranean-dip
277321,Fast Fuel Meals South Fried Chicken 350g,$9.95,$2.84 / 100G,/shop/productdetails/277321/fast-fuel-meals-south-fried-chicken
277540,Minor Figures Barista Oat Low Sugar Milk 1l,$4.40,$4.40 / 1L,/shop/productdetails/277540/minor-figures-barista-oat-low-sugar-milk
239826,"Red Rock Deli Chargrilled Chilli, Capsicum & Cashews Dip 150g",$4.00,$2.67 / 100G,/shop/productdetails/239826/red-rock-deli-chargrilled-chilli-capsicum-cashews-dip
277608,Dari's Lentil Soup 1.2kg,$12.45,$1.04 / 100G,/shop/productdetails/277608/dari-s-lentil-soup
209374,Plantitude Crumbed Pumpkin Bites 300g,$7.50,$2.50 / 100G,/shop/productdetails/209374/plantitude-crumbed-pumpkin-bites-bites
278207,Easy Eats Teriyaki Chicken 350g,$8.50,$2.43 / 100G,/shop/productdetails/278207/easy-eats-teriyaki-chicken
236708,Talbot Forest Cheese Co. Creamy Dutch Style Mild Gouda 150g,$7.00,$46.67 / 1KG,/shop/productdetails/236708/talbot-forest-cheese-co-creamy-dutch-style-mild-gouda
248072,Woolworths Chargrilled Sage & Onion Stuffed Chicken Breast 400g,$13.00,$3.25 / 100G,/shop/productdetails/248072/woolworths-chargrilled-sage-onion-stuffed-chicken-breast
238540,Fqkitchen Ham And Pineapple Pizza 600g,$9.99,$1.67 / 100G,/shop/productdetails/238540/fq-kitchen-ham-and-pineapple-pizza
278406,Fast Fuel Meals Beef Ragu Pappardelle 350g,$9.95,$2.84 / 100G,/shop/productdetails/278406/fast-fuel-meals-beef-ragu-pappardelle
89241,Garlo's Junior Beef Pies 12 Pack,$12.90,$1.70 / 100G,/shop/productdetails/89241/garlo-s-junior-beef-pies-null
271513,Lake Macquarie 30 Large Free Range Eggs 1.5kg,N/A,N/A,/shop/productdetails/271513/lake-macquarie-30-large-free-range-eggs
277288,Dari's Thai Prawn Soup 600g,$9.95,$1.66 / 100G,/shop/productdetails/277288/dari-s-thai-prawn-soup
285486,"Inside Out Unsweetened Oat Milk With Collagen, Calcium & Prebiotics 1l",$5.50,$5.50 / 1L,/shop/productdetails/285486/inside-out-unsweetened-oat-milk-with-collagen-calcium-prebiotics
276288,Pauls Premium Custard Dark Chocolate 600g,$6.00,$1.00 / 100G,/shop/productdetails/276288/pauls-premium-custard-dark-chocolate
278855,Creative Foods Cheese & Garlic Bread 250g,$3.70,$1.48 / 100G,/shop/productdetails/278855/creative-foods-cheese-garlic-bread
88507,Garlo's Junior Beef Sausage Rolls Chilled Meal 12 Pack,$12.90,$1.65 / 100G,/shop/productdetails/88507/garlo-s-junior-beef-sausage-rolls-chilled-meal
285390,Inside Out Barista Oat Milk With Collagen Calcium & Prebiotics 1l,$5.80,$5.80 / 1L,/shop/productdetails/285390/inside-out-barista-oat-milk-with-collagen-calcium-prebiotics
238009,Moondarra Apple & Cinnamon Honey & Almond Soft Cheese 120g,$3.90,$32.50 / 1KG,/shop/productdetails/238009/moondarra-apple-cinnamon-honey-almond-soft-cheese
265114,Dairy Farmers Classic Choc Malt 500ml,$2.90,$5.80 / 1L,/shop/productdetails/265114/dairy-farmers-classic-choc-malt
277629,Fast Fuel Meals Butter Chicken 350g,$9.95,$2.84 / 100G,/shop/productdetails/277629/fast-fuel-meals-butter-chicken
306286,King Island Dairy Stokes Point Smoked Cheddar Cheese Per Kg,$62.00,$62.00 / 1KG,/shop/productdetails/306286/king-island-dairy-stokes-point-smoked-cheddar-cheese
266672,Aeroplane Jelly Raspberry Flavoured Milk 500ml,$4.50,$9.00 / 1L,/shop/productdetails/266672/aeroplane-jelly-raspberry-flavoured-milk
230210,Lotus Peak Popping Bubble Tea Mango & Red Dragon Fruit 490ml,$5.00,$10.20 / 1L,/shop/productdetails/230210/lotus-peak-popping-bubble-tea-mango-red-dragon-fruit
790594,Woolworths Monterey Jack Jalapeno Cheese Jalapeno Per Kg,$39.00,$39.00 / 1KG,/shop/productdetails/790594/woolworths-monterey-jack-jalapeno-cheese-jalapeno
154015,Castello Double Cream Pink Pepper 150g,$7.50,$50.00 / 1KG,/shop/productdetails/154015/castello-double-cream-pink-pepper
370004,King Island Dairy Surprise Bay Cheddar Cheese Per Kg,$60.00,$60.00 / 1KG,/shop/productdetails/370004/king-island-dairy-surprise-bay-cheddar-cheese
238633,Mersey Valley Club Cheddar Vintage Summer Fruits 235g,$6.90,$29.36 / 1KG,/shop/productdetails/238633/mersey-valley-club-cheddar-vintage-summer-fruits
237557,Talbot Forest Cheese Co. Peppered Havarti 150g,$7.00,$46.67 / 1KG,/shop/productdetails/237557/talbot-forest-cheese-co-peppered-havarti
238034,Wildly Good Mediterranean Hommus Filled Falafel Bites 225g,$7.50,$30.00 / 1KG,/shop/productdetails/238034/wildly-good-mediterranean-hommus-filled-falafel-bites
113964,Chris' Kalamata Olive Dip 200g,$4.50,$2.25 / 100G,/shop/productdetails/113964/chris-kalamata-olive-dip
240252,Fast Fuel Buffalo Chicken 350g,$9.95,$2.84 / 100G,/shop/productdetails/240252/fast-fuel-buffalo-chicken
263226,Norco Non Dairy P2 Pea Protein White Mylk 1l,$5.50,$5.50 / 1L,/shop/productdetails/263226/norco-non-dairy-p2-pea-protein-white-mylk
283408,I Pastai Basil Pesto Sauce 180g,$6.50,$3.61 / 100G,/shop/productdetails/283408/i-pastai-basil-pesto-sauce
6576,King Island Dairy Phoques Cove Camembert Cheese 200g,$14.90,$74.50 / 1KG,/shop/productdetails/6576/king-island-dairy-phoques-cove-camembert-cheese
286189,Picasso Kitchen Super Supreme Pizza 470g,$6.50,$1.38 / 100G,/shop/productdetails/286189/picasso-kitchen-super-supreme-pizza
306316,King Island Dairy Black Label Triple Cream Blue 1kg,$86.00,$86.00 / 1KG,/shop/productdetails/306316/king-island-dairy-black-label-triple-cream-blue
229731,Lotus Peak Bubble Tea Strawberry With Tapioca Pearls 490ml,$5.00,$10.20 / 1L,/shop/productdetails/229731/lotus-peak-bubble-tea-strawberry-with-tapioca-pearls
755228,Norco Double Shot Real Iced Coffee 500ml,$2.90,$5.80 / 1L,/shop/productdetails/755228/norco-double-shot-real-iced-coffee
242261,Bennett.st Dairy Salted Caramel & White Choc Dough 500g,$13.00,$2.60 / 100G,/shop/productdetails/242261/bennett-st-dairy-bennett-st-dairy-salted-caramel-white-choc-dough
176905,Meliora Plant Based Egg 320ml,$8.50,$2.58 / 100ML,/shop/productdetails/176905/meliora-plant-based-egg
755264,Norco Original Real Iced Coffee 750ml,$4.30,$5.73 / 1L,/shop/productdetails/755264/norco-original-real-iced-coffee
277923,Dari's Creamy Corn Soup 350g,$4.85,$1.39 / 100G,/shop/productdetails/277923/dari-s-creamy-corn-soup
755265,Norco Double Shot Real Iced Coffee 750ml,$4.30,$5.73 / 1L,/shop/productdetails/755265/norco-double-shot-real-iced-coffee
36566,D'argental Cremeux 2kg,$65.00,$65.00 / 1KG,/shop/productdetails/36566/cremeux-d-argental-cremeux
277932,Dari's Asian Chicken Soup 600g,$9.95,$1.66 / 100G,/shop/productdetails/277932/dari-s-asian-chicken-soup
230166,Lotus Peak Bubble Tea Caramel With Tapioca Pearls 490ml,$5.00,$10.20 / 1L,/shop/productdetails/230166/lotus-peak-bubble-tea-caramel-with-tapioca-pearls
369742,Woolworths Fresh Round Loaf Maasdam Cheese Per Kg,$34.00,$34.00 / 1KG,/shop/productdetails/369742/woolworths-fresh-round-loaf-maasdam-cheese
262811,Ice Break Single Espresso Milk 320ml,$2.65,$8.28 / 1L,/shop/productdetails/262811/ice-break-single-espresso-milk
369843,Fromager D Affinois Bleu Per Kg,$95.00,$95.00 / 1KG,/shop/productdetails/369843/fromager-d-affinois-bleu
217927,King Island Dairy Lighthouse Blue Cheese 200g,$14.90,$74.50 / 1KG,/shop/productdetails/217927/king-island-dairy-lighthouse-blue-cheese-cheese
139722,Thomas Dux Spanish Manchego From The Deli Per Kg,$62.00,$62.00 / 1KG,/shop/productdetails/139722/thomas-dux-spanish-manchego-from-the-deli
237913,Wildly Good Hommus Filled Falafel Bites Traditional 225g,$7.50,$30.00 / 1KG,/shop/productdetails/237913/wildly-good-hommus-filled-falafel-bites-traditional
229850,Lotus Peak Popping Bubble Tea 490ml,$5.00,$10.20 / 1L,/shop/productdetails/229850/lotus-peak-popping-bubble-tea
284838,Simply Delish Organichommus Dip 150g,$5.50,$3.67 / 100G,/shop/productdetails/284838/simply-delish-organichommus-dip
248076,Woolworths Chargrilled Buffalo Chicken With Three Cheese Macaroni 400g,$13.00,$3.25 / 100G,/shop/productdetails/248076/woolworths-chargrilled-buffalo-chicken-with-three-cheese-macaroni
154473,Bodalla Gumleaf Smoked Cheddar 150g,$8.00,$53.33 / 1KG,/shop/productdetails/154473/bodalla-gumleaf-smoked-cheddar
284914,25 South Leek & Goat Cheese Sauce 280g,$7.00,$2.50 / 100G,/shop/productdetails/284914/25-south-leek-goat-cheese-sauce
509413,Barbers Cheddar 1kg,$55.00,$55.00 / 1KG,/shop/productdetails/509413/barbers-cheddar
484504,Hunter Belle Cheddar Cranberry & Pistachio 140g,$8.50,$60.71 / 1KG,/shop/productdetails/484504/hunter-belle-cheddar-cranberry-pistachio
219286,Naked Life Original Betta Bobo Milk Bubble Tea Can 315ml,$3.00,$9.52 / 1L,/shop/productdetails/219286/naked-life-original-betta-bobo-milk-bubble-tea-can
248181,Woolworths Chargrilled Chicken Fajita Bowl 350g,$10.00,$2.86 / 100G,/shop/productdetails/248181/woolworths-chargrilled-chicken-fajita-bowl
153371,Bodalla Tasmanian Pepperberry Cheddar 150g,$8.00,$53.33 / 1KG,/shop/productdetails/153371/bodalla-tasmanian-pepperberry-cheddar
221772,Happy Hens Egg Farm 12 X-large Cage Free Eggs 700g,N/A,N/A,/shop/productdetails/221772/happy-hens-egg-farm-12-x-large-cage-free-eggs
370000,King Island Dairy Netherby Cove Camembert Per Kg,$70.00,$70.00 / 1KG,/shop/productdetails/370000/king-island-dairy-netherby-cove-camembert-cheese
122222,Norco Real Iced Latte Caramel 500ml,$2.90,$5.80 / 1L,/shop/productdetails/122222/norco-real-iced-latte-caramel
237577,Talbot Forest Cheese Co. Maasdam 150g,$7.00,$46.67 / 1KG,/shop/productdetails/237577/talbot-forest-cheese-co-maasdam
280143,Thai Larder Green Curry Sauce 200g,$5.90,$2.95 / 100G,/shop/productdetails/280143/thai-larder-green-curry-sauce
281389,25 South Creamy Spiced Pumpkin Sauce 280g,$7.00,$2.50 / 100G,/shop/productdetails/281389/25-south-creamy-spiced-pumpkin-sauce
281388,25 South Fennel & Tomato Sauce 280g,$7.00,$2.50 / 100G,/shop/productdetails/281388/25-south-fennel-tomato-sauce
265067,Aeroplane Jelly Lemon Flavoured Milk 500ml,$4.50,$9.00 / 1L,/shop/productdetails/265067/aeroplane-jelly-lemon-flavoured-milk
218750,Fior Di Tartufo Per Kg,$46.00,$46.00 / 1KG,/shop/productdetails/218750/fior-di-tartufo
369761,Singletons Black Wax Cheddar Cheese Per Kg,$70.00,$70.00 / 1KG,/shop/productdetails/369761/singletons-black-wax-cheddar-cheese
177122,Bio Cheese Cheddar Flavour Mild Salami & Crackers 60g,$5.00,$83.33 / 1KG,/shop/productdetails/177122/bio-cheese-cheddar-flavour-mild-salami-crackers
964723,Hunter Belle Cheddar Beer Cheese 140g,N/A,N/A,/shop/productdetails/964723/hunter-belle-cheddar-beer-cheese
32685,La Vie De Chateau Emmantal Per Kg,$40.00,$40.00 / 1KG,/shop/productdetails/32685/la-vie-de-chateau-emmantal
177094,Bio Cheese Cheddar Flavour Ham & Crackers 60g,$5.00,$83.33 / 1KG,/shop/productdetails/177094/bio-cheese-cheddar-flavour-ham-crackers
176830,Castello Mini Cheeses 19g X5 Pack,N/A,N/A,/shop/productdetails/176830/castello-mini-cheeses
752506,King Island Dairy Furneaux Double Cream Per Kg,$77.00,$77.00 / 1KG,/shop/productdetails/752506/king-island-dairy-furneaux-double-cream-cream
384962,Le Dauphin Double Creme From The Deli Per Kg,N/A,N/A,/shop/productdetails/384962/le-dauphin-double-creme-from-the-deli
165830,Manning Valley 30 Free Range Eggs 1.65kg,N/A,N/A,/shop/productdetails/165830/manning-valley-30-free-range-eggs
232719,Woolworths Beef & Black Bean With Vegetable Rice 350g,$10.00,$2.86 / 100G,/shop/productdetails/232719/woolworths-beef-black-bean-with-vegetable-rice
176851,Bio Cheese Cheddar Flavour Mild Salami & Marinated Olives 70g,$5.50,$78.57 / 1KG,/shop/productdetails/176851/bio-cheese-cheddar-flavour-mild-salami-marinated-olives
116989,Hunter Belle Briebelle Triple Cream Brie 140g,$9.90,$70.71 / 1KG,/shop/productdetails/116989/hunter-belle-briebelle-triple-cream-brie
750202,Hunter Belle Dairy Cheese Smokey Bbq Bacon Cheddar 140g,$8.50,$60.71 / 1KG,/shop/productdetails/750202/hunter-belle-dairy-cheese-smokey-bbq-bacon-cheddar
423812,Hunter Belle Paste Cheddar & Quince 140g,$7.45,$53.21 / 1KG,/shop/productdetails/423812/hunter-belle-paste-cheddar-quince
964668,Hunter Belle Caramelised Onion & Thyme Cheddar 140g,$8.50,$60.71 / 1KG,/shop/productdetails/964668/hunter-belle-caramelised-onion-thyme-cheddar
964669,Hunter Belle Mexicana Cheddar 140g,$8.50,$60.71 / 1KG,/shop/productdetails/964669/hunter-belle-mexicana-cheddar
117259,Hunter Valley 12 Extra Large Free Range Eggs 700g,N/A,N/A,/shop/productdetails/117259/hunter-valley-12-extra-large-free-range-eggs
369595,King Island Dairy Seal Bay Triple Cream Brie Per Kg,N/A,N/A,/shop/productdetails/369595/king-island-dairy-seal-bay-triple-cream-brie
122232,Norco Real No Added Sugar Coffee Double Shot 500ml,$2.90,$5.80 / 1L,/shop/productdetails/122232/norco-real-no-added-sugar-coffee-double-shot
267112,Stacked Energy Double Chocolate Milk 375ml,$3.15,$8.40 / 1L,/shop/productdetails/267112/stacked-energy-double-chocolate-milk
266664,Stacked Energy Single Origin Coffee 375ml,$3.15,$8.40 / 1L,/shop/productdetails/266664/stacked-energy-single-origin-coffee
280062,Thai Larder Fresh Massaman Sauce 200g,$5.90,$2.95 / 100G,/shop/productdetails/280062/thai-larder-fresh-massaman-sauce
279922,Thai Larder Red Curry Sauce 200g,$5.90,$2.95 / 100G,/shop/productdetails/279922/thai-larder-red-curry-sauce
247603,Udder Delights Double Cream Brie 450g,N/A,N/A,/shop/productdetails/247603/udder-delights-double-cream-brie
286099,"Yumi's Coriander, Chilli, Cashews & Lime 150g",$4.50,$3.00 / 100G,/shop/productdetails/286099/yumi-s-coriander-chilli-cashews-lime
823714,Chris' Heritage Dips Artichoke Parmesan Grn Chilli 170g,N/A,N/A,/shop/productdetails/823714/chris-heritage-dips-artichoke-parmesan-grn-chilli
130442,Daly Potato Co. Daily Potato Co. Gluten Free Potato & Gravy 250g,N/A,N/A,/shop/productdetails/130442/daly-potato-co-daily-potato-co-gluten-free-potato-gravy
868664,Devondale 100% Pure Full Cream Long Life Milk 4x1l,N/A,N/A,/shop/productdetails/868664/devondale-100-pure-full-cream-long-life-milk
868732,Devondale Semi Skim Long Life Milk 4x1l,N/A,N/A,/shop/productdetails/868732/devondale-semi-skim-long-life-milk
868693,Devondale Skim Long Life Milk 4x1l,N/A,N/A,/shop/productdetails/868693/devondale-skim-long-life-milk
277659,Johnny Wong Honey Soy Chicken Stir Fry Sauce 250g,$5.00,$2.00 / 100G,/shop/productdetails/277659/johnny-wong-honey-soy-chicken-stir-fry-sauce
278243,Johnny Wong Malaysian Satay Stir Fry Sauce 250g,$5.00,$2.00 / 100G,/shop/productdetails/278243/johnny-wong-malaysian-satay-stir-fry-sauce
278393,Johnny Wong Singapore Noodles 500g,$3.50,$0.70 / 100G,/shop/productdetails/278393/johnny-wong-singapore-noodles
121024,Lurpak Butter Block Slightly Salted 500g,N/A,N/A,/shop/productdetails/121024/lurpak-butter-block-slightly-salted
85278,Pauls Premium Easter Egg Flavoured Custard 600g,N/A,N/A,/shop/productdetails/85278/pauls-premium-easter-egg-flavoured-custard
672292,Riverina Full Cream Fetta 2kg,N/A,N/A,/shop/productdetails/672292/riverina-full-cream-fetta
68873,Woolworths Cranberry & Orange Glazed Loaf Chilled Meal 650g,N/A,N/A,/shop/productdetails/68873/woolworths-cranberry-orange-glazed-loaf-chilled-meal
