365190,Powerade Ion4 Mountain Blast Sports Drink Sipper Cap 600ml,$2.40,$4.00 / 1L,/shop/productdetails/365190/powerade-ion4-mountain-blast-sports-drink-sipper-cap
750176,Taylors Of Harrogate Yorkshire Tea Bags 100 Pack,$6.30,$0.06 / 1EA,/shop/productdetails/750176/taylors-of-harrogate-yorkshire-tea-bags
62170,Sprite Zero Sugar Lemonade Soft Drink Bottle 1.25l,$3.55,$2.84 / 1L,/shop/productdetails/62170/sprite-zero-sugar-lemonade-soft-drink-bottle
77938,Mount Franklin Lightly Sparkling Water Lime Multipack Cans 375ml X10 Pack,$16.10,$4.29 / 1L,/shop/productdetails/77938/mount-franklin-lightly-sparkling-water-lime-multipack-cans
697308,Waterfords Lite & Fruity Orange Passion 1l,$2.00,$2.00 / 1L,/shop/productdetails/697308/waterfords-lite-fruity-orange-passion
672555,Waterfords Mineral Water Tahitian Lime 1l,$2.00,$2.00 / 1L,/shop/productdetails/672555/waterfords-mineral-water-tahitian-lime
779130,Woolworths Soy Milk 1l,$1.15,$1.15 / 1L,/shop/productdetails/779130/woolworths-soy-milk
748596,Woolworths Uht Lite Milk 1l,$1.60,$1.60 / 1L,/shop/productdetails/748596/woolworths-uht-lite-milk
830734,Sunkist Orange Cans 30x375ml Pack,$23.00,$2.04 / 1L,/shop/productdetails/830734/sunkist-orange-cans
42937,Vitasoy Calci Plus Soy Milk 1l,$3.00,$3.00 / 1L,/shop/productdetails/42937/vitasoy-calci-plus-soy-milk
821995,Waterfords Lite & Fruity Blackcurrant 1l,$2.00,$2.00 / 1L,/shop/productdetails/821995/waterfords-lite-fruity-blackcurrant
672553,Waterfords Mineral Water Lemon Lime & Bitters 1l,$2.00,$2.00 / 1L,/shop/productdetails/672553/waterfords-mineral-water-lemon-lime-bitters
703393,Schweppes Lemonade 1.1l,$2.80,$2.55 / 1L,/shop/productdetails/703393/schweppes-lemonade
587911,Lipton Quality Black Tea Bags 100 Pack,$4.00,$0.04 / 1EA,/shop/productdetails/587911/lipton-quality-black-tea-bags
253760,Schweppes Indian Tonic Water Zero Sugar 4 X300ml,$3.70,$3.08 / 1L,/shop/productdetails/253760/schweppes-indian-tonic-water-zero-sugar
725866,Mount Franklin Lightly Sparkling Water Lime Bottle 1.25l,$2.85,$2.28 / 1L,/shop/productdetails/725866/mount-franklin-lightly-sparkling-water-lime-bottle
634292,Schweppes Natural Mineral Water Natural 1.1l,$2.80,$2.55 / 1L,/shop/productdetails/634292/schweppes-natural-mineral-water-natural
793280,Sprite Zero Sugar Lemonade Soft Drink Multipack Cans 375ml X10 Pack,$16.10,$4.29 / 1L,/shop/productdetails/793280/sprite-zero-sugar-lemonade-soft-drink-multipack-cans
24318,Sanitarium So Good Long Life Regular Soy Milk 1l,$2.20,$2.20 / 1L,/shop/productdetails/24318/sanitarium-so-good-long-life-regular-soy-milk
634284,Schweppes Natural Mineral Water Orange & Mango 1.1l,$2.80,$2.55 / 1L,/shop/productdetails/634284/schweppes-natural-mineral-water-orange-mango
574821,Tetley Tea Bags 100 Pack,$3.80,$0.04 / 1EA,/shop/productdetails/574821/tetley-tea-bags
756089,Woolworths Lightly Sparkling Lime Water 1.25l,$1.60,$1.28 / 1L,/shop/productdetails/756089/woolworths-lightly-sparkling-lime-water
41946,Twinings English Breakfast Tea Bags 10 Pack,$2.00,$0.20 / 1EA,/shop/productdetails/41946/twinings-english-breakfast-tea-bags-tea-bags
352019,Fever-tree Premium Indian Tonic Water Bottles 200ml X 4 Pack,$8.00,$10.00 / 1L,/shop/productdetails/352019/fever-tree-premium-indian-tonic-water-bottles
609505,Fever-tree Meditteranean Tonic Water Bottles 500ml,$4.50,$9.00 / 1L,/shop/productdetails/609505/fever-tree-meditteranean-tonic-water-bottles
406087,V8 Pineapple Passion Juice Juice 1.25l,$4.50,$3.60 / 1L,/shop/productdetails/406087/v8-pineapple-passion-juice-juice
799811,Woolworths Free From Lactose Full Cream Milk 1l,$2.00,$2.00 / 1L,/shop/productdetails/799811/woolworths-free-from-lactose-full-cream-milk
59706,Starbucks By Nespresso House Blend Coffee Pods 10 Pack,$7.90,$0.79 / 1EA,/shop/productdetails/59706/starbucks-by-nespresso-house-blend-coffee-pods
136874,Mount Franklin Lightly Sparkling Water Pasionfruit Multipack Cans 375ml X10 Pack,$16.10,$4.29 / 1L,/shop/productdetails/136874/mount-franklin-lightly-sparkling-water-pasionfruit-multipack-cans
365186,Powerade Ion4 Gold Rush Sports Drink Sipper Cap 600ml,$2.40,$4.00 / 1L,/shop/productdetails/365186/powerade-ion4-gold-rush-sports-drink-sipper-cap
701255,"Twinings Strawberry, Raspberry & Loganberry Tea Bags 10 Pack",$2.00,$0.20 / 1EA,/shop/productdetails/701255/twinings-strawberry-raspberry-loganberry-tea-bags
56290,Twinings Lemon & Ginger Tea Bags 10 Pack 15g,$2.00,$0.20 / 1EA,/shop/productdetails/56290/twinings-lemon-ginger-tea-bags
442191,Schweppes Solo Lemon Cans 375ml X10 Pack,$9.90,$2.64 / 1L,/shop/productdetails/442191/schweppes-solo-lemon-cans
485231,V8 Power Blend Juice Healthy Greens 1.25l,$4.50,$3.60 / 1L,/shop/productdetails/485231/v8-power-blend-juice-healthy-greens
829281,Twinings English Breakfast Extra Strong Tea Bags 80 Pack,$13.50,$0.17 / 1EA,/shop/productdetails/829281/twinings-english-breakfast-extra-strong-tea-bags
701332,Twinings Camomile Honey & Vanilla Tea Bags 10 Pack 15g,$2.00,$0.20 / 1EA,/shop/productdetails/701332/twinings-camomile-honey-vanilla-tea-bags
58970,Twinings Pure Peppermint Tea Bags 10 Pack,$2.00,$0.20 / 1EA,/shop/productdetails/58970/twinings-pure-peppermint-tea-bags-tea-bags
80504,Sanpellegrino Sparkling Natural Mineral Water Slim Cans 330ml X8 Pack,$15.60,$5.91 / 1L,/shop/productdetails/80504/sanpellegrino-sparkling-natural-mineral-water-slim-cans
162547,Sanpellegrino Natural Mineral Water 750ml,$3.25,$4.33 / 1L,/shop/productdetails/162547/sanpellegrino-natural-mineral-water
130769,Woolworths Spring Water Sipper 1l,$1.20,$1.20 / 1L,/shop/productdetails/130769/woolworths-spring-water-sipper
574823,Tetley Extra Strong Tea Bags 100 Pack,$4.60,$0.05 / 1EA,/shop/productdetails/574823/tetley-extra-strong-tea-bags
310675,Vitasoy Oat Milk 1l,$3.30,$3.30 / 1L,/shop/productdetails/310675/vitasoy-oat-milk
749812,V8 Tropical Juice Juice 1.25l,$4.50,$3.60 / 1L,/shop/productdetails/749812/v8-tropical-juice-juice
15917,Mount Franklin Spring Water Bottle 1.5l,$3.00,$2.00 / 1L,/shop/productdetails/15917/mount-franklin-spring-water-bottle
15806,Sanpellegrino Natural Mineral Water 250ml X6 Pack,$15.60,$10.40 / 1L,/shop/productdetails/15806/sanpellegrino-natural-mineral-water
647107,Santa Vittoria Sparkling Mineral Water 6x750ml,$8.85,$1.97 / 1L,/shop/productdetails/647107/santa-vittoria-sparkling-mineral-water
332732,Mount Franklin Lightly Sparkling Water Lemon Bottle 1.25l,$2.85,$2.28 / 1L,/shop/productdetails/332732/mount-franklin-lightly-sparkling-water-lemon-bottle
32731,Coca - Cola Classic  Soft Drink Bottle 1.25l,$3.55,$2.84 / 1L,/shop/productdetails/32731/coca-cola-classic-soft-drink-bottle
756087,Woolworths Lightly Sparkling Water With Lemon 1.25l,$1.60,$1.28 / 1L,/shop/productdetails/756087/woolworths-lightly-sparkling-water-with-lemon
113025,Pauls Zymil Skim Uht Milk 1l,$3.00,$3.00 / 1L,/shop/productdetails/113025/pauls-zymil-skim-uht-milk
114407,Just Rooibos African Tea Bags 40 Pack,$7.00,$0.18 / 1EA,/shop/productdetails/114407/just-rooibos-african-tea-bags
80047,Mount Franklin Lightly Sparkling Raspberry 375ml X10 Pack,$16.10,$4.29 / 1L,/shop/productdetails/80047/mount-franklin-lightly-sparkling-raspberry
676314,Solo Zero Sugar 10x375ml,$9.90,$2.64 / 1L,/shop/productdetails/676314/solo-zero-sugar
212841,Vitasoy Soy Milky Lite 1l,$2.45,$2.45 / 1L,/shop/productdetails/212841/vitasoy-soy-milky-lite
703402,Schweppes Raspberry 1.1l,$2.80,$2.55 / 1L,/shop/productdetails/703402/schweppes-raspberry
307290,Sanpellegrino Sparkling Natural Mineral Water 750ml X12 Pack,$31.50,$3.50 / 1L,/shop/productdetails/307290/sanpellegrino-sparkling-natural-mineral-water
105018,Pepsi Max Sodastream Soda Mix 440ml,$7.00,$15.91 / 1L,/shop/productdetails/105018/pepsi-max-sodastream-soda-mix
768721,Sustagen Vanilla Ready To Drink 3x250ml,$6.20,$8.27 / 1L,/shop/productdetails/768721/sustagen-vanilla-ready-to-drink
979808,Fever-tree Meditteranean Tonic Water Bottles 200ml X 4 Pack,$8.00,$10.00 / 1L,/shop/productdetails/979808/fever-tree-meditteranean-tonic-water-bottles
365189,Powerade Ion4 Berry Ice Sports Drink Sipper Cap 600ml,$2.40,$4.00 / 1L,/shop/productdetails/365189/powerade-ion4-berry-ice-sports-drink-sipper-cap
212840,Vitasoy Soy Milky Regular 1l,$2.45,$2.45 / 1L,/shop/productdetails/212840/vitasoy-soy-milky-regular
749778,V8 Breakfast Juice Juice 1.25l,$4.50,$3.60 / 1L,/shop/productdetails/749778/v8-breakfast-juice-juice
113395,Moore's Ultra Pure Still Water 5l,$4.70,$0.94 / 1L,/shop/productdetails/113395/moore-s-ultra-pure-still-water
634291,Schweppes Agrum Citrus Blend Zero Sugar Agrum Citrus 1.1l,$2.80,$2.55 / 1L,/shop/productdetails/634291/schweppes-agrum-citrus-blend-zero-sugar-agrum-citrus
148409,Pump Spring Water Bottle 1.25l,$2.95,$2.36 / 1L,/shop/productdetails/148409/pump-spring-water-bottle
56731,Bonsoy Long Life Soy Milk 1l,$4.80,$4.80 / 1L,/shop/productdetails/56731/bonsoy-long-life-soy-milk
189114,Schweppes Infused Natural Mineral Water Blood Orange & Mango 375ml X10 Pack,$9.90,$2.64 / 1L,/shop/productdetails/189114/schweppes-infused-natural-mineral-water-blood-orange-mango
59693,Starbucks By Nespresso Caffe Verona Coffee Pods 10 Pack,$7.90,$0.79 / 1EA,/shop/productdetails/59693/starbucks-by-nespresso-caffe-verona-coffee-pods
87275,Twinings Camomile & Spearmint Tea Bags 10 Pack,$2.00,$0.20 / 1EA,/shop/productdetails/87275/twinings-camomile-spearmint-tea-bags-tea-bags
253762,Schweppes Natural Mineral Water 300ml X4 Pack,$3.70,$3.08 / 1L,/shop/productdetails/253762/schweppes-natural-mineral-water-water
155824,Fever-tree Refreshingly Light Premium Mediterranean Tonic Water 500ml,$4.50,$9.00 / 1L,/shop/productdetails/155824/fever-tree-refreshingly-light-premium-mediterranean-tonic-water
7984,Pepsi Max Bottle 2l,$3.20,$1.60 / 1L,/shop/productdetails/7984/pepsi-max-bottle
841115,Fever-tree Premium Indian Tonic Water 500ml,$4.50,$9.00 / 1L,/shop/productdetails/841115/fever-tree-premium-indian-tonic-water
888487,Twinings Pure Peppermint Tea Bags 80 Pack,$13.50,$0.17 / 1EA,/shop/productdetails/888487/twinings-pure-peppermint-tea-bags
279908,Powerade Ion4 Blackcurrent Sports Drink Sipper Cap 600ml,$2.40,$4.00 / 1L,/shop/productdetails/279908/powerade-ion4-blackcurrent-sports-drink-sipper-cap
84552,Coca - Cola Classic  Soft Drink Multipack Cans 375ml X 30 Pack,$44.90,$3.99 / 1L,/shop/productdetails/84552/coca-cola-classic-soft-drink-multipack-cans
791148,Twinings Camomile & Spiced Apple Tea Bags 10 Pack,$2.00,$0.20 / 1EA,/shop/productdetails/791148/twinings-camomile-spiced-apple-tea-bags
176210,Mount Franklin Lightly Sparkling Water Mango 375ml X10 Pack,$16.10,$4.29 / 1L,/shop/productdetails/176210/mount-franklin-lightly-sparkling-water-mango
634290,Schweppes Lemon Lime & Bitters 1.1l,$2.80,$2.55 / 1L,/shop/productdetails/634290/schweppes-lemon-lime-bitters
333339,Woolworths Lemonade Bottle 1.25l,$1.10,$0.88 / 1L,/shop/productdetails/333339/woolworths-lemonade-bottle
634293,Schweppes Natural Mineral Water Lemon & Lime 1.1l,$2.80,$2.55 / 1L,/shop/productdetails/634293/schweppes-natural-mineral-water-lemon-lime
756077,Woolworths Diet Orange & Passionfruit Sparkling Mineral Water 1.25l,$1.10,$0.88 / 1L,/shop/productdetails/756077/woolworths-diet-orange-passionfruit-sparkling-mineral-water
701318,Twinings Cranberry & Pomegranate Tea Bags 10 Pack,$2.00,$0.20 / 1EA,/shop/productdetails/701318/twinings-cranberry-pomegranate-tea-bags
72617,Twinings Earl Grey Tea Bags 100 Pack,$13.50,$0.14 / 1EA,/shop/productdetails/72617/twinings-earl-grey-tea-bags-tea-bags
634299,Schweppes Infused Natural Mineral Water With Lime 1.1l,$2.80,$2.55 / 1L,/shop/productdetails/634299/schweppes-infused-natural-mineral-water-with-lime
38724,Pureau Pure Water 5l,$5.85,$1.17 / 1L,/shop/productdetails/38724/pureau-pure-water
931157,Twinings Pure Camomile Tea Bags 10 Pack,$2.00,$0.20 / 1EA,/shop/productdetails/931157/twinings-pure-camomile-tea-bags-bags
789306,Quarter Past Vanilla Coffee Syrup 250ml,$5.00,$2.00 / 100ML,/shop/productdetails/789306/quarter-past-vanilla-coffee-syrup-vanilla
634266,Schweppes Dry Ginger Ale 1.1l,$2.80,$2.55 / 1L,/shop/productdetails/634266/schweppes-dry-ginger-ale
162609,Red Bull Energy Drink 4x250ml,$8.50,$8.50 / 1L,/shop/productdetails/162609/red-bull-energy-drink
253766,Schweppes Lemon Lime & Bitters 300ml X4 Pack,$3.70,$3.08 / 1L,/shop/productdetails/253766/schweppes-lemon-lime-bitters
318680,Twinings Pure Green Tea Bags 100 Pack,$13.50,$0.14 / 1EA,/shop/productdetails/318680/twinings-pure-green-tea-bags-bags
12011,Sunkist Bottle 1.25l,$1.80,$1.44 / 1L,/shop/productdetails/12011/sunkist-bottle
41944,Twinings Earl Grey Tea Bags 10 Pack,$2.00,$0.20 / 1EA,/shop/productdetails/41944/twinings-earl-grey-tea-bags-tea-bags
507997,Alka Power Alkaline Water 1.5l Bottle,$3.50,$2.33 / 1L,/shop/productdetails/507997/alka-power-alkaline-water
35617,Vitasoy Original Soy Milk 1l,$3.00,$3.00 / 1L,/shop/productdetails/35617/vitasoy-original-soy-milk
155291,Solo Zero Sugar Cans 375ml X24 Case,$34.85,$3.87 / 1L,/shop/productdetails/155291/solo-zero-sugar-cans
61963,Schweppes Raspberry Zero Sugar 1.1l,$2.80,$2.55 / 1L,/shop/productdetails/61963/schweppes-raspberry-zero-sugar
749813,V8 Vegetable Juice Original 1.25l,$4.50,$3.60 / 1L,/shop/productdetails/749813/v8-vegetable-juice-original
576100,Taylors Of Harrogate Yorkshire Extra Strong Tea Bags 100 Pack,$7.50,$0.08 / 1EA,/shop/productdetails/576100/taylors-of-harrogate-yorkshire-extra-strong-tea-bags
756025,Woolworths Lemonade Zero Sugar Bottle 1.25l,$1.10,$0.88 / 1L,/shop/productdetails/756025/woolworths-lemonade-zero-sugar-bottle
634298,Schweppes Infused Natural Mineral Water With Raspberry 1.1l,$2.80,$2.55 / 1L,/shop/productdetails/634298/schweppes-infused-natural-mineral-water-with-raspberry
221822,Sprite Zero Sugar Lemonade Soft Drink Mini Bottles 300ml X12 Pack,$10.10,$2.81 / 1L,/shop/productdetails/221822/sprite-zero-sugar-lemonade-soft-drink-mini-bottles
995405,Fever-tree Elderflower Tonic Water Bottles 200ml X 4 Pack,$8.00,$10.00 / 1L,/shop/productdetails/995405/fever-tree-elderflower-tonic-water-bottles
141053,Sunkist Zero Sugar Cans 375ml X10 Pack,$9.90,$2.64 / 1L,/shop/productdetails/141053/sunkist-zero-sugar-cans
931160,Twinings Tea Bags Lemon & Ginger 80 Pack,$13.50,$0.17 / 1EA,/shop/productdetails/931160/twinings-tea-bags-lemon-ginger
33557,Devondale 100% Pure Full Cream Long Life Milk 1l,$2.20,$2.20 / 1L,/shop/productdetails/33557/devondale-100-pure-full-cream-long-life-milk
724514,Cocobella Coconut Water Straight Up 1l,$4.00,$4.00 / 1L,/shop/productdetails/724514/cocobella-coconut-water-straight-up
178132,Mount Franklin Lightly Sparkling Water Wild Berry Bottle 1.25l,$2.85,$2.28 / 1L,/shop/productdetails/178132/mount-franklin-lightly-sparkling-water-wild-berry-bottle
825528,Woolworths Orange Juice 2l,$2.80,$1.40 / 1L,/shop/productdetails/825528/woolworths-orange-juice
679121,Coca - Cola Zero Sugar Soft Drink Multipack Cans 30 X 375ml,$44.90,$3.99 / 1L,/shop/productdetails/679121/coca-cola-zero-sugar-soft-drink-multipack-cans
825527,Woolworths Apple Juice 2l,$2.80,$1.40 / 1L,/shop/productdetails/825527/woolworths-apple-juice
728344,Higher Living Rooibos African Tea 40 Pack,$5.50,$0.14 / 1EA,/shop/productdetails/728344/higher-living-rooibos-african-tea
361691,Rockstar Energy Drink Guava Energy Drink 500ml X4 Pack,$8.50,$4.25 / 1L,/shop/productdetails/361691/rockstar-energy-drink-guava-energy-drink
623034,Coca - Cola Zero Sugar Soft Drink Bottle 1.25l,$3.55,$2.84 / 1L,/shop/productdetails/623034/coca-cola-zero-sugar-soft-drink-bottle
341051,Staminade Lemon & Lime Powder 585g,N/A,N/A,/shop/productdetails/341051/staminade-lemon-lime-powder
888464,Twinings Pure Camomile Tea Bags 80 Pack,$13.50,$0.17 / 1EA,/shop/productdetails/888464/twinings-pure-camomile-tea-bags
153622,Pump Spring Water Bottle 750ml,$2.90,$3.87 / 1L,/shop/productdetails/153622/pump-spring-water-bottle
283136,Robert Timms Italian Espresso Style Coffee Bags 28 Pack,$13.50,$0.48 / 1EA,/shop/productdetails/283136/robert-timms-italian-espresso-style-coffee-bags
83114,Vitasoy Soy & Protein Unsweetened Milk 1l,$3.60,$3.60 / 1L,/shop/productdetails/83114/vitasoy-soy-protein-unsweetened-milk
791152,Twinings Orange & Cinnamon Tea Bags 10 Pack,$2.00,$0.20 / 1EA,/shop/productdetails/791152/twinings-orange-cinnamon-tea-bags-tea
587903,Lipton Quality Black Tea Bags 200 Pack,$8.00,$0.04 / 1EA,/shop/productdetails/587903/lipton-quality-black-tea-bags
799813,Woolworths Free From Lactose Lite Milk 1l,$2.00,$2.00 / 1L,/shop/productdetails/799813/woolworths-free-from-lactose-lite-milk
352601,Santa Vittoria Sparkling Mineral Water 750ml,$2.35,$3.13 / 1L,/shop/productdetails/352601/santa-vittoria-sparkling-mineral-water
148781,Vitasoy Oat Milky Uht Milk 1l,$3.00,$3.00 / 1L,/shop/productdetails/148781/vitasoy-oat-milky-uht-milk
773129,Pepsi Max Cans 30x375ml,$23.00,$2.04 / 1L,/shop/productdetails/773129/pepsi-max-cans
42605,Coca - Cola Classic  Soft Drink Multipack Cans 375ml X 24 Pack,$22.00,$2.44 / 1L,/shop/productdetails/42605/coca-cola-classic-soft-drink-multipack-cans
594964,Pureau Pure Water 2l,$2.95,$1.48 / 1L,/shop/productdetails/594964/pureau-pure-water
749834,V8 Vegetable Juice Low Sodium 1.25l,$4.50,$3.60 / 1L,/shop/productdetails/749834/v8-vegetable-juice-low-sodium
773144,Schweppes Lemonade Can 375ml X30 Pack,$23.00,$2.04 / 1L,/shop/productdetails/773144/schweppes-lemonade-can
365259,V8 Tropical Juce Multipack 3 X 250ml,$4.30,$5.73 / 1L,/shop/productdetails/365259/v8-tropical-juce-multipack
86696,Sustagen Dutch Chocolate Flavour 550g,$10.50,$1.91 / 100G,/shop/productdetails/86696/sustagen-dutch-chocolate-flavour
926885,Vitasoy Almond Milk Unsweetened 1l,$3.30,$3.30 / 1L,/shop/productdetails/926885/vitasoy-almond-milk-unsweetened
750405,Twinings Chai Vanilla Tea Bags 10 Pack,$2.00,$0.20 / 1EA,/shop/productdetails/750405/twinings-chai-vanilla-tea-bags-chai-tea
374622,Woolworths Raspberry Bottle 1.25l,$1.10,$0.88 / 1L,/shop/productdetails/374622/woolworths-raspberry-bottle
707972,Schweppes Brown Cream Soda 1.1l,$2.80,$2.55 / 1L,/shop/productdetails/707972/schweppes-brown-cream-soda
749800,V8 Breakfast Juice Multipack 3 X 250ml,$4.30,$5.73 / 1L,/shop/productdetails/749800/v8-breakfast-juice-multipack
59704,Starbucks By Nespresso Espresso Roast Coffee Pods 10 Pack,$7.90,$0.79 / 1EA,/shop/productdetails/59704/starbucks-by-nespresso-espresso-roast-coffee-pods
140657,Sunkist Zero Sugar Orange 375ml X24 Pack,$34.85,$3.87 / 1L,/shop/productdetails/140657/sunkist-zero-sugar-orange
714439,Twinings Australian Afternoon Black Tea Bags 10 Pack,$2.00,$0.20 / 1EA,/shop/productdetails/714439/twinings-australian-afternoon-black-tea-bags
209424,Vitasoy Rice Milk 1l,$3.30,$3.30 / 1L,/shop/productdetails/209424/vitasoy-rice-milk
215455,Macro Organic Soy Long Life Milk 1l,N/A,N/A,/shop/productdetails/215455/macro-organic-soy-long-life-milk
253828,Schweppes Lemonade 300ml X4 Pack,$3.70,$3.08 / 1L,/shop/productdetails/253828/schweppes-lemonade
78069,V8 Healthy Apple Juice Juice 1.25l,$4.50,$3.60 / 1L,/shop/productdetails/78069/v8-healthy-apple-juice-juice
319056,Nerada Organic Rooibos & Vanilla Tea Bags 50 Pack,$4.25,$0.09 / 1EA,/shop/productdetails/319056/nerada-organic-rooibos-vanilla-tea-bags
686285,Fever-tree Refreshingly Light Tonic Water 500ml,$4.50,$9.00 / 1L,/shop/productdetails/686285/fever-tree-refreshingly-light-tonic-water
714457,Twinings Australian Afternoon Tea Bags 100 Pack,$13.50,$0.14 / 1EA,/shop/productdetails/714457/twinings-australian-afternoon-tea-bags-tea-bags
16307,Sanitarium So Good Long Life Lite Soy Milk 1l,$2.20,$2.20 / 1L,/shop/productdetails/16307/sanitarium-so-good-long-life-lite-soy-milk
829549,Twinings English Breakfast Extra Strong Tea Bags 10 Pack,$2.00,$0.20 / 1EA,/shop/productdetails/829549/twinings-english-breakfast-extra-strong-tea-bags
175497,Pureau Ultra Pure Water 600ml X 12 Pack,$9.30,$1.29 / 1L,/shop/productdetails/175497/pureau-ultra-pure-water
230367,Devondale Semi Skim Long Life Milk 1l,$2.20,$2.20 / 1L,/shop/productdetails/230367/devondale-semi-skim-long-life-milk
135920,Sunraysia Tropical Juice 200ml,$1.50,$7.50 / 1L,/shop/productdetails/135920/sunraysia-tropical-juice
785627,Raw C Coconut Water Pure Natural 1l,$5.50,$5.50 / 1L,/shop/productdetails/785627/raw-c-coconut-water-pure-natural
89801,Schweppes Lemon Lime & Bitters Flavour Zero Sugar 1.1l,$2.80,$2.55 / 1L,/shop/productdetails/89801/schweppes-lemon-lime-bitters-flavour-zero-sugar
990001,Fever-tree Refreshingly Light Premium Indian Tonic Water Bottles 200ml X 4 Pack,$8.00,$10.00 / 1L,/shop/productdetails/990001/fever-tree-refreshingly-light-premium-indian-tonic-water-bottles
253811,Schweppes Dry Ginger Ale 300ml X4 Pack,$3.70,$3.08 / 1L,/shop/productdetails/253811/schweppes-dry-ginger-ale
634268,Schweppes Dry Ginger Ale Zero Sugar Dry Ginger Ale 1.1l,$2.80,$2.55 / 1L,/shop/productdetails/634268/schweppes-dry-ginger-ale-zero-sugar-dry-ginger-ale
570637,Woolworths Passionfruit Bottle 1.25l,$1.10,$0.88 / 1L,/shop/productdetails/570637/woolworths-passionfruit-bottle
59352,Starbucks By Nespresso Blonde Espresso Roast Coffee Pods 10 Pack,$7.90,$0.79 / 1EA,/shop/productdetails/59352/starbucks-by-nespresso-blonde-espresso-roast-coffee-pods
365548,Powerade Ion4 Lemon Lime Sports Drink Sipper Cap 600ml,$2.40,$4.00 / 1L,/shop/productdetails/365548/powerade-ion4-lemon-lime-sports-drink-sipper-cap
130686,Woolworths Lightly Sparkling Berry Infusions Spring Water 1.25l,$1.60,$1.28 / 1L,/shop/productdetails/130686/woolworths-lightly-sparkling-berry-infusions-spring-water
756022,Woolworths Cola Bottle 1.25l,$1.10,$0.88 / 1L,/shop/productdetails/756022/woolworths-cola-bottle
159878,Solo Zero Sugar Soda Syrup 300ml,$4.50,$15.00 / 1L,/shop/productdetails/159878/solo-zero-sugar-soda-syrup
887085,V8 Power Blend Juice Purple Power 1.25l,$4.50,$3.60 / 1L,/shop/productdetails/887085/v8-power-blend-juice-purple-power
156690,Tetley Decaffeinated Tea Bags 100 Pack,$5.50,$0.06 / 1EA,/shop/productdetails/156690/tetley-decaffeinated-tea-bags
662713,Schweppes Agrum Blood Orange Blood Orange 1.1l,$2.80,$2.55 / 1L,/shop/productdetails/662713/schweppes-agrum-blood-orange-blood-orange
221713,Mount Franklin No Sugar Lightly Sparkling Watermelon Water Cans 10 X375ml,$16.10,$4.29 / 1L,/shop/productdetails/221713/mount-franklin-no-sugar-lightly-sparkling-watermelon-water-cans
244826,Sprite Lemonade Soft Drink Mini Cans 250ml X 6 Pack,$9.20,$6.13 / 1L,/shop/productdetails/244826/sprite-lemonade-soft-drink-mini-cans
685790,Perkii Strawberry Watermelon Probiotic Drink 350ml,$4.40,$12.57 / 1L,/shop/productdetails/685790/perkii-strawberry-watermelon-probiotic-drink
313153,Robert Timms Premium Espresso Granulated Coffee 200g,$10.70,$5.35 / 100G,/shop/productdetails/313153/robert-timms-premium-espresso-granulated-coffee
84763,Woolworths Sweetened Condensed Milk 397g,$1.80,$0.45 / 100G,/shop/productdetails/84763/woolworths-sweetened-condensed-milk
749803,V8 Apple Berry Juice Multipack 3 X 250ml,$4.30,$5.73 / 1L,/shop/productdetails/749803/v8-apple-berry-juice-multipack
136273,Sunraysia Apple & Blackcurrant Juice 200ml,$1.50,$7.50 / 1L,/shop/productdetails/136273/sunraysia-apple-blackcurrant-juice
221494,Mount Franklin Lightly Sparkling Water Passionfruit 1.25l,$2.85,$2.28 / 1L,/shop/productdetails/221494/mount-franklin-lightly-sparkling-water-passionfruit
245007,Sprite Zero Sugar Lemonade Soft Drink Mini Cans 250ml X 6 Pack,$9.20,$6.13 / 1L,/shop/productdetails/245007/sprite-zero-sugar-lemonade-soft-drink-mini-cans
5535,Sanitarium So Good Long Life Vanilla Bliss Soy Milk 1l,$3.00,$3.00 / 1L,/shop/productdetails/5535/sanitarium-so-good-long-life-vanilla-bliss-soy-milk
617101,Essentials Black Tea Bags 100 Pack,$1.90,$0.02 / 1EA,/shop/productdetails/617101/essentials-black-tea-bags
220986,Mount Franklin No Sugar Lightly Sparkling Pineapple Water Cans 10 X375ml,$16.10,$4.29 / 1L,/shop/productdetails/220986/mount-franklin-no-sugar-lightly-sparkling-pineapple-water-cans
86399,Sustagen Vanilla Flavour 550g,$10.50,$1.91 / 100G,/shop/productdetails/86399/sustagen-vanilla-flavour
192366,Pureharvest Organic Malt Free Soy Milk 1l,$2.00,$2.00 / 1L,/shop/productdetails/192366/pureharvest-organic-malt-free-soy-milk
63010,Twinings Green Tea Bags 10 Pack 15g,$2.00,$0.20 / 1EA,/shop/productdetails/63010/twinings-green-tea-bags
594960,Gatorade G-active Electrolyte Water Berry Flavoured No Sugar 600ml,$4.00,$6.67 / 1L,/shop/productdetails/594960/gatorade-g-active-electrolyte-water-berry-flavoured-no-sugar
91905,Celestial Sleepy Time Herbal Tea Bags 40 Pack,$8.50,$0.21 / 1EA,/shop/productdetails/91905/celestial-sleepy-time-herbal-tea-bags
672966,Coca - Cola Zero Sugar Soft Drink Bottle 2l,$3.65,$1.83 / 1L,/shop/productdetails/672966/coca-cola-zero-sugar-soft-drink-bottle
248699,Robert Timms Premium Full-bodied Granulated Coffee 200g,$10.70,$5.35 / 100G,/shop/productdetails/248699/robert-timms-premium-full-bodied-granulated-coffee
669683,Coca - Cola Zero Sugar Soft Drink Multipack Cans 24 X 375ml,$22.00,$2.44 / 1L,/shop/productdetails/669683/coca-cola-zero-sugar-soft-drink-multipack-cans
708165,"Twinings Asha Sleep Camomile,peppermint Spearmint Lemon Peel Tea Bags 18 Pack",$7.50,$0.42 / 1EA,/shop/productdetails/708165/twinings-asha-sleep-camomile-peppermint-spearmint-lemon-peel-tea-bags
756023,Woolworths Cola Sugar Zero Bottle 1.25l,$1.10,$0.88 / 1L,/shop/productdetails/756023/woolworths-cola-sugar-zero-bottle
42982,Twinings English Breakfast Tea  Bags 50 Pack,$7.00,$0.14 / 1EA,/shop/productdetails/42982/twinings-english-breakfast-tea-bags-tea-bags
135932,Sunraysia Apple & Mango Juice 200ml,$1.50,$7.50 / 1L,/shop/productdetails/135932/sunraysia-apple-mango-juice
38121,Coca - Cola Classic  Soft Drink Bottle 2l,$3.65,$1.83 / 1L,/shop/productdetails/38121/coca-cola-classic-soft-drink-bottle-bottle
149604,Ribena Syrup Blackcurrant 1l,$7.00,$7.00 / 1L,/shop/productdetails/149604/ribena-syrup-blackcurrant
59694,Starbucks By Nespresso Single Origin Colombia Coffee Pods 10 Pack,$7.90,$0.79 / 1EA,/shop/productdetails/59694/starbucks-by-nespresso-single-origin-colombia-coffee-pods
58968,Twinings Lemon Twist Tea Bags 10 Pack,$2.00,$0.20 / 1EA,/shop/productdetails/58968/twinings-lemon-twist-tea-bags-tea-bags
192985,Nestle Milo Choc-malt 1kg,$12.00,$1.20 / 100G,/shop/productdetails/192985/nestle-milo-choc-malt
86298,Pureharvest Organic Oat Milk 1l,$2.00,$2.00 / 1L,/shop/productdetails/86298/pureharvest-organic-oat-milk
7985,Pepsi Max Bottle 1.25l,$1.80,$1.44 / 1L,/shop/productdetails/7985/pepsi-max-bottle
95460,Twinings Blackcurrant & Blueberry Tea Bags 10 Pack,$2.00,$0.20 / 1EA,/shop/productdetails/95460/twinings-blackcurrant-blueberry-tea-bags
744490,Sanitarium So Good Long Life Unsweetened Almond Milk 1l,$2.90,$2.90 / 1L,/shop/productdetails/744490/sanitarium-so-good-long-life-unsweetened-almond-milk
134830,Sunraysia Apple Juice 200ml,$1.50,$7.50 / 1L,/shop/productdetails/134830/sunraysia-apple-juice
173487,Gatorade G-active Electrolyte Water Grape Flavoured No Sugar 600ml,$4.00,$6.67 / 1L,/shop/productdetails/173487/gatorade-g-active-electrolyte-water-grape-flavoured-no-sugar
779134,Woolworths Unsweetened Almond Milk 1l,$2.00,$2.00 / 1L,/shop/productdetails/779134/woolworths-unsweetened-almond-milk
242317,Mount Franklin Lightly Sparkling Water Lime Cans 250ml X 6 Pack,$9.20,$6.13 / 1L,/shop/productdetails/242317/mount-franklin-lightly-sparkling-water-lime-cans
159946,Sunkist Zero Sugar Soda Syrup 300ml,$4.50,$15.00 / 1L,/shop/productdetails/159946/sunkist-zero-sugar-soda-syrup
134420,T2 Sleep Tight Tea Bags 10 Pack,$7.00,$0.70 / 1EA,/shop/productdetails/134420/t2-sleep-tight-tea-bags
726937,T2 Melbourne Breakfast Black Tea Bags 25 Pack,$16.00,$0.64 / 1EA,/shop/productdetails/726937/t2-melbourne-breakfast-black-tea-bags
38288,Dilmah Premium Quality Tea Bags 100 Pack,$5.85,$0.06 / 1EA,/shop/productdetails/38288/dilmah-premium-quality-tea-bags
574822,Tetley Tagless Tea Bags 200 Pack,$6.90,$0.03 / 1EA,/shop/productdetails/574822/tetley-tagless-tea-bags
727013,T2 French Earl Grey Black Tea Bags 25 Pack,$16.00,$0.64 / 1EA,/shop/productdetails/727013/t2-french-earl-grey-black-tea-bags
157510,Impressed Cold Pressed Juice Wild Watermelon 1l,$5.00,$5.00 / 1L,/shop/productdetails/157510/impressed-cold-pressed-juice-wild-watermelon
253771,Schweppes Bitter Lemon 300ml X4 Pack,$3.70,$3.08 / 1L,/shop/productdetails/253771/schweppes-bitter-lemon
155945,Starbucks By Nespresso Italian Roast Coffee Pods 10 Pack,$7.90,$0.79 / 1EA,/shop/productdetails/155945/starbucks-by-nespresso-italian-roast-coffee-pods
26128,Robert Timms Gold Colombia Coffee Bags 28 Pack,$13.50,$0.48 / 1EA,/shop/productdetails/26128/robert-timms-gold-colombia-coffee-bags
94341,Twinings Mango & Strawberry Tea Bags 10 Pack,$2.00,$0.20 / 1EA,/shop/productdetails/94341/twinings-mango-strawberry-tea-bags-infusions
237909,Sprite Lemon+ Soft Drink 1.25l,$3.55,$2.84 / 1L,/shop/productdetails/237909/sprite-lemon-soft-drink
8647,Twinings Irish Breakfast Tea Bags 100 Pack 200g,$13.50,$0.14 / 1EA,/shop/productdetails/8647/twinings-irish-breakfast-tea-bags
215509,Powerade Flo Cap Ion 4 Kiwi & Pineapple Bottle 600ml,$2.40,$4.00 / 1L,/shop/productdetails/215509/powerade-flo-cap-ion-4-kiwi-pineapple-bottle
332724,Rockstar Guava Punched Energy Drink 500ml,$2.70,$5.40 / 1L,/shop/productdetails/332724/rockstar-guava-punched-energy-drink
135936,Sunraysia Apple & Strawberry Juice 200ml,$1.50,$7.50 / 1L,/shop/productdetails/135936/sunraysia-apple-strawberry-juice
756026,Woolworths Pineapple Bottle 1.25l,$1.10,$0.88 / 1L,/shop/productdetails/756026/woolworths-pineapple-bottle
95082,Starbucks By Nespresso Pike Place Roast Lungo Coffee Pods 10 Pack,$7.90,$0.79 / 1EA,/shop/productdetails/95082/starbucks-by-nespresso-pike-place-roast-lungo-coffee-pods
749821,V8 Vegetable Juice Hot And Spicy 1.25l,$4.50,$3.60 / 1L,/shop/productdetails/749821/v8-vegetable-juice-hot-and-spicy
105017,Pepsi Sodastream Soda Mix 440ml,$7.00,$15.91 / 1L,/shop/productdetails/105017/pepsi-sodastream-soda-mix
33637,Devondale Skim Long Life Milk 1l,$2.20,$2.20 / 1L,/shop/productdetails/33637/devondale-skim-long-life-milk
228519,Lotus Peak White Tea Bags 25 Pack 50g,$4.00,$0.16 / 1EA,/shop/productdetails/228519/lotus-peak-white-tea-bags
228497,Twinings Green Tea & Mint Tea Bags 10 Pack,$2.00,$0.20 / 1EA,/shop/productdetails/228497/twinings-green-tea-mint-tea-bags-tea-bags
165748,Fever-tree Light Indian Tonic Water 150ml X8 Pack,$12.50,$10.42 / 1L,/shop/productdetails/165748/fever-tree-light-indian-tonic-water
228496,Twinings Green Tea & Lemon Tea Bags 10 Pack,$2.00,$0.20 / 1EA,/shop/productdetails/228496/twinings-green-tea-lemon-tea-bags-bags
750803,V8 Tropical Juice Juice 300ml,$2.40,$8.00 / 1L,/shop/productdetails/750803/v8-tropical-juice-juice
786195,H2coco 100% Natural Pure Coconut Water 1l,$3.20,$3.20 / 1L,/shop/productdetails/786195/h2coco-100-natural-pure-coconut-water
803904,Fever-tree Elderflower Tonic Water Bottle 500ml,$4.50,$9.00 / 1L,/shop/productdetails/803904/fever-tree-elderflower-tonic-water-bottle
723453,Powerade Mountain Blast Zero Sports Drink Sipper Cap 600ml,$2.40,$4.00 / 1L,/shop/productdetails/723453/powerade-mountain-blast-zero-sports-drink-sipper-cap
121164,Schweppes Lemon Lime Bitters Zero Sugar 4 Pack,$3.70,$3.08 / 1L,/shop/productdetails/121164/schweppes-lemon-lime-bitters-zero-sugar
115766,Starbucks By Nespresso Decaf Espresso Roast Coffee Pods 10 Pack,$7.90,$0.79 / 1EA,/shop/productdetails/115766/starbucks-by-nespresso-decaf-espresso-roast-coffee-pods
575832,Twinings Morning Tea Bags 100 Pack,$13.50,$0.14 / 1EA,/shop/productdetails/575832/twinings-morning-tea-bags
673135,Woolworths Apple & Mango Juice 2l,$2.80,$1.40 / 1L,/shop/productdetails/673135/woolworths-apple-mango-juice
756078,Woolworths Diet Blood Orange Sparkling Mineral Water 1.25l,$1.10,$0.88 / 1L,/shop/productdetails/756078/woolworths-diet-blood-orange-sparkling-mineral-water
229039,Bundaberg Sarsaparilla 375ml X4 Pack,$7.00,$4.67 / 1L,/shop/productdetails/229039/bundaberg-sarsaparilla
858008,Pureharvest Almond Milk Unsweetened 1l,$2.00,$2.00 / 1L,/shop/productdetails/858008/pureharvest-almond-milk-unsweetened
51557,Powerade Active Water Apple & Peach Sports Drink Sipper Cap 600ml,$2.40,$4.00 / 1L,/shop/productdetails/51557/powerade-active-water-apple-peach-sports-drink-sipper-cap
238400,Sprite Lemon + Zero Sugar Soft Drink Cans 375ml X 10 Pack,$16.10,$4.29 / 1L,/shop/productdetails/238400/sprite-lemon-zero-sugar-soft-drink-cans
10109,Twinings Russian Caravan Tea Bags 10 Pack,$2.00,$0.20 / 1EA,/shop/productdetails/10109/twinings-russian-caravan-tea-bags-tea-bags
156070,Juice Lab Wellness Immune Vitality Super Shot 60ml,$3.50,$58.33 / 1L,/shop/productdetails/156070/juice-lab-wellness-immune-vitality-super-shot
231593,Solo Zero Sugar Soft Drink Bottles 450ml X 12 Pack,$20.00,$3.70 / 1L,/shop/productdetails/231593/solo-zero-sugar-soft-drink-bottles
756029,Woolworths Lemon Zero Sugar Bottle 1.25l,$1.10,$0.88 / 1L,/shop/productdetails/756029/woolworths-lemon-zero-sugar-bottle
728313,Twinings Assam Bold Black Tea Bags 80 Pack,$13.50,$0.17 / 1EA,/shop/productdetails/728313/twinings-assam-bold-black-tea-bags-tea
690091,Woolworths Peppermint Tea 40 Pack,$1.75,$0.04 / 1EA,/shop/productdetails/690091/woolworths-peppermint-tea
333337,Woolworths Orange Bottle 1.25l,$1.10,$0.88 / 1L,/shop/productdetails/333337/woolworths-orange-bottle
360276,Robert Timms Instant Coffee Premium Full-bodied 500g,$20.00,$4.00 / 100G,/shop/productdetails/360276/robert-timms-instant-coffee-premium-full-bodied
574769,Tetley Tagless Tea Bags 100 Pack,$3.80,$0.04 / 1EA,/shop/productdetails/574769/tetley-tagless-tea-bags
30441,Gatorade Lemon Lime Sports Drink 600ml,$4.00,$6.67 / 1L,/shop/productdetails/30441/gatorade-lemon-lime-sports-drink
333342,Woolworths Lemon Bottle 1.25l,$1.10,$0.88 / 1L,/shop/productdetails/333342/woolworths-lemon-bottle
120207,Sanitarium So Good Oat No Added Sugar Uht Milk 1l,$2.80,$2.80 / 1L,/shop/productdetails/120207/sanitarium-so-good-oat-no-added-sugar-uht-milk
152988,Cadbury Drinking Chocolate 450g,$6.00,$1.33 / 100G,/shop/productdetails/152988/cadbury-drinking-chocolate
164594,V8 Easy Green Juice 1.25l,$4.50,$3.60 / 1L,/shop/productdetails/164594/v8-easy-green-juice
32063,Liddells Full Cream Long Life Milk Lactose Free 1l,$3.00,$3.00 / 1L,/shop/productdetails/32063/liddells-full-cream-long-life-milk-lactose-free
176831,Dash Water Peach Infused Sparkling Water 300ml X4,$8.00,$6.67 / 1L,/shop/productdetails/176831/dash-water-peach-infused-sparkling-water
30446,Gatorade Tropical Sports Drink 600ml,$4.00,$6.67 / 1L,/shop/productdetails/30446/gatorade-tropical-sports-drink
283137,Robert Timms Mocha Kenya Style Coffee Bags 28 Pack,$13.50,$0.48 / 1EA,/shop/productdetails/283137/robert-timms-mocha-kenya-style-coffee-bags
442187,Schweppes Raspberry Cans 10 X375ml,$9.90,$2.64 / 1L,/shop/productdetails/442187/schweppes-raspberry-cans
690094,Woolworths Camomile Tea 40 Pack,$1.75,$0.04 / 1EA,/shop/productdetails/690094/woolworths-camomile-tea
140092,Kirks Creaming Soda Soft Drink Bottle 1.25l,$1.75,$1.40 / 1L,/shop/productdetails/140092/kirks-creaming-soda-soft-drink-bottle
160144,Schweppes Lemonade Zero Sugar Soda Syrup 300ml,$4.50,$15.00 / 1L,/shop/productdetails/160144/schweppes-lemonade-zero-sugar-soda-syrup
83995,Sanitarium So Good Barista Edition Soy Milk 1l,$3.00,$3.00 / 1L,/shop/productdetails/83995/sanitarium-so-good-barista-edition-soy-milk
130685,Woolworths Diet Apple & Berry Flavoured Sparkling Mineral Water 1.25l,$1.10,$0.88 / 1L,/shop/productdetails/130685/woolworths-diet-apple-berry-flavoured-sparkling-mineral-water
503111,Woolworths Fruit Drink 35% Tropical 6x250ml,$3.00,$2.00 / 1L,/shop/productdetails/503111/woolworths-fruit-drink-35-tropical
109276,Fever-tree Indian Tonic Water Cans 150ml X8 Pack,$12.50,$10.42 / 1L,/shop/productdetails/109276/fever-tree-indian-tonic-water-cans
95459,Twinings Green Tea & Jasmine Tea Bags 10 Pack,$2.00,$0.20 / 1EA,/shop/productdetails/95459/twinings-green-tea-jasmine-tea-bags
43802,Golden Circle Fruit Drinks Lunch Box Poppers Tropical Punch Multipack 250ml X6 Pack,$5.10,$3.40 / 1L,/shop/productdetails/43802/golden-circle-fruit-drinks-lunch-box-poppers-tropical-punch-multipack
109915,Nu Pure Still Spring Water 600ml,$1.25,$2.08 / 1L,/shop/productdetails/109915/nu-pure-still-spring-water
83273,Sanitarium So Good Barista Edition Oat Milk 1l,$4.00,$4.00 / 1L,/shop/productdetails/83273/sanitarium-so-good-barista-edition-oat-milk
52558,Kirks Lemonade Soft Drink Bottle 1.25l,$1.75,$1.40 / 1L,/shop/productdetails/52558/kirks-lemonade-soft-drink-bottle
59695,Starbucks By Nespresso Single Origin Sumatra Coffee Pods 10 Pack,$7.90,$0.79 / 1EA,/shop/productdetails/59695/starbucks-by-nespresso-single-origin-sumatra-coffee-pods
90211,Daily Juice Pulp Free Orange Juice 2l,$5.00,$2.50 / 1L,/shop/productdetails/90211/daily-juice-pulp-free-orange-juice
24570,Vittoria Chocochino Drinking Chocolate 375g,$5.20,$1.39 / 100G,/shop/productdetails/24570/vittoria-chocochino-drinking-chocolate
825529,Woolworths Apple & Blackcurrant Juice 2l,$2.80,$1.40 / 1L,/shop/productdetails/825529/woolworths-apple-blackcurrant-juice
140090,Kirks Pasito Soft Drink Bottle 1.25l,$1.75,$1.40 / 1L,/shop/productdetails/140090/kirks-pasito-soft-drink-bottle
726962,T2 Just Peppermint Herbal Tisane Bags 25 Pack,$13.00,$0.52 / 1EA,/shop/productdetails/726962/t2-just-peppermint-herbal-tisane-bags
229584,Remedy Raspberry Sodaly Prebiotic Soda No Sugar Cans 250ml X4 Pack,$8.00,$8.00 / 1L,/shop/productdetails/229584/remedy-raspberry-sodaly-prebiotic-soda-no-sugar-cans
723452,Powerade Berry Ice Zero Sports Drink Sipper Cap 600ml,$2.40,$4.00 / 1L,/shop/productdetails/723452/powerade-berry-ice-zero-sports-drink-sipper-cap
221729,Waterfords Lite & Fruity No Added Sugar Orange Passion Cans 12 X375ml,$12.00,$2.67 / 1L,/shop/productdetails/221729/waterfords-lite-fruity-no-added-sugar-orange-passion-cans
315123,Pump Berry Storm Water Bottle Berry Bottle 750ml,$3.80,$5.07 / 1L,/shop/productdetails/315123/pump-berry-storm-water-bottle-berry-bottle
41949,Twinings Darjeeling Tea Bags 10 Pack,$2.00,$0.20 / 1EA,/shop/productdetails/41949/twinings-darjeeling-tea-bags-tea-bags
229441,Remedy Passionfruit Sodaly Prebiotic Soda No Sugar Cans 250ml X4 Pack,$8.00,$8.00 / 1L,/shop/productdetails/229441/remedy-passionfruit-sodaly-prebiotic-soda-no-sugar-cans
91963,Nerada Tea Bags 50 Pack 100g,$2.70,$0.05 / 1EA,/shop/productdetails/91963/nerada-tea-bags
594961,Gatorade G-active Electrolyte Water Lemon Flavoured No Sugar 600ml,$4.00,$6.67 / 1L,/shop/productdetails/594961/gatorade-g-active-electrolyte-water-lemon-flavoured-no-sugar
546840,Woolworths 100% Pure Coconut Water 1l X4 Pack,$10.00,$2.50 / 1L,/shop/productdetails/546840/woolworths-100-pure-coconut-water
137848,Coca - Cola Caffeine Free Zero Sugar Soft Drink Bottle 1.25l,$3.55,$2.84 / 1L,/shop/productdetails/137848/coca-cola-caffeine-free-zero-sugar-soft-drink-bottle
242611,Mount Franklin Lightly Sparkling Water Raspberry Cans 250ml X 6 Pack,$9.20,$6.13 / 1L,/shop/productdetails/242611/mount-franklin-lightly-sparkling-water-raspberry-cans
221409,Waterfords Lite & Fruity No Added Sugar Lemon Lime Bitters Cans 12 X375ml,$12.00,$2.67 / 1L,/shop/productdetails/221409/waterfords-lite-fruity-no-added-sugar-lemon-lime-bitters-cans
257224,Twinings Lady Grey Tea Bags 100 Pack,$13.50,$0.14 / 1EA,/shop/productdetails/257224/twinings-lady-grey-tea-bags-tea-bags
701038,Higher Living Sweet Dreams Tea Bags 15 Pack,$4.40,$0.29 / 1EA,/shop/productdetails/701038/higher-living-sweet-dreams-tea-bags
875162,Nestle Milo Malted Drinking Chocolate 460g,$9.40,$2.04 / 100G,/shop/productdetails/875162/nestle-milo-malted-drinking-chocolate
197155,Starbucks By Nespresso Coffee Pods Breakfast Blend 10 Pack,$7.90,$0.79 / 1EA,/shop/productdetails/197155/starbucks-by-nespresso-coffee-pods-breakfast-blend
162140,Vittoria Espresso Coffee Beans 1kg,$22.00,$2.20 / 100G,/shop/productdetails/162140/vittoria-espresso-coffee-beans
710014,Sanitarium So Good Long Life Original Almond Milk 1l,$2.90,$2.90 / 1L,/shop/productdetails/710014/sanitarium-so-good-long-life-original-almond-milk
64810,Australia's Own Barista Almond 1l,$4.00,$4.00 / 1L,/shop/productdetails/64810/australia-s-own-barista-almond
789357,Woolworths Full Cream Milk Powder 1kg,$10.00,$1.00 / 100G,/shop/productdetails/789357/woolworths-full-cream-milk-powder
690093,Woolworths Green Tea 50 Pack,$2.20,$0.04 / 1EA,/shop/productdetails/690093/woolworths-green-tea
726973,T2 English Breakfast Black Tea Bags 25 Pack,$13.00,$0.52 / 1EA,/shop/productdetails/726973/t2-english-breakfast-black-tea-bags
94131,Vittoria Espresso Ground Coffee 1kg,$22.00,$2.20 / 100G,/shop/productdetails/94131/vittoria-espresso-ground-coffee
205773,Zymil Long Life Full Cream Milk Lactose Free 250ml X3 Pack,$3.20,$4.27 / 1L,/shop/productdetails/205773/zymil-long-life-full-cream-milk-lactose-free
157499,Youjuice Getcha Greens 350ml,$3.50,$10.00 / 1L,/shop/productdetails/157499/youjuice-getcha-greens
87769,Westgold Full Cream Uht Milk 1l,$1.90,$1.90 / 1L,/shop/productdetails/87769/westgold-full-cream-uht-milk
159798,Kirks Pasito Soft Drink Multipack Cans 375ml X10 Pack,$7.80,$2.08 / 1L,/shop/productdetails/159798/kirks-pasito-soft-drink-multipack-cans
30486,Gatorade Blue Bolt Sports Drink 600ml,$4.00,$6.67 / 1L,/shop/productdetails/30486/gatorade-blue-bolt-sports-drink
226912,Twinings Live Well Sleep Tea Bags 20 Pack,$4.25,$0.21 / 1EA,/shop/productdetails/226912/twinings-live-well-sleep-tea-bags
924245,Australia's Own Unsweetened Almond Milk 1l,$3.10,$3.10 / 1L,/shop/productdetails/924245/australia-s-own-unsweetened-almond-milk
35694,Nescafe Blend 43 Instant Coffee Tin 500g,$17.00,$3.40 / 100G,/shop/productdetails/35694/nescafe-blend-43-instant-coffee-tin
83836,Sanitarium So Good Barista Edition Almond Milk 1l,$4.00,$4.00 / 1L,/shop/productdetails/83836/sanitarium-so-good-barista-edition-almond-milk
159230,T2 Relax Tea Bags 10 Pack,$7.00,$0.70 / 1EA,/shop/productdetails/159230/t2-relax-tea-bags
333023,Mount Franklin Lightly Sparkling Water 450ml,$3.10,$6.89 / 1L,/shop/productdetails/333023/mount-franklin-lightly-sparkling-water
94493,Coca - Cola Diet Soft Drink Bottle 1.25l,$3.55,$2.84 / 1L,/shop/productdetails/94493/coca-cola-diet-soft-drink-bottle
325530,Pump Lime Rush Water Bottle Lime Rush Bottle 750ml,$3.80,$5.07 / 1L,/shop/productdetails/325530/pump-lime-rush-water-bottle-lime-rush-bottle
176897,Dash Water Raspberry Infused Sparkling Water 300ml X4,$8.00,$6.67 / 1L,/shop/productdetails/176897/dash-water-raspberry-infused-sparkling-water
51569,Powerade Active Water Mango Sports Drink Sipper Cap 600ml,$2.40,$4.00 / 1L,/shop/productdetails/51569/powerade-active-water-mango-sports-drink-sipper-cap
218339,Powerade Zero Sugar Ion 4 Strawberry Lemon Bottle 600ml,$2.40,$4.00 / 1L,/shop/productdetails/218339/powerade-zero-sugar-ion-4-strawberry-lemon-bottle
757792,Woolworths Tropical Juice 6x250ml,$3.50,$2.33 / 1L,/shop/productdetails/757792/woolworths-tropical-juice
669379,Coca - Cola Zero Sugar Soft Drink Multipack Cans 10 X 375ml,$16.10,$4.29 / 1L,/shop/productdetails/669379/coca-cola-zero-sugar-soft-drink-multipack-cans
679122,Coca - Cola Zero Sugar Soft Drink Mini Bottles 12 X 300ml,$10.10,$2.81 / 1L,/shop/productdetails/679122/coca-cola-zero-sugar-soft-drink-mini-bottles
45533,Mount Franklin Spring Water Bottle 600ml,$2.25,$3.75 / 1L,/shop/productdetails/45533/mount-franklin-spring-water-bottle
196566,Dilmah Extra Strength Tea Bags 100 Pack,$7.50,$0.08 / 1EA,/shop/productdetails/196566/dilmah-extra-strength-tea-bags
41225,Pureharvest Organic Aussie Dream Rice Milk 1l,$2.60,$2.60 / 1L,/shop/productdetails/41225/pureharvest-organic-aussie-dream-rice-milk
94950,Golden Circle Fruit Drinks Lunch Box Poppers Multipack Apple Splash 250ml X6 Pack,$5.10,$3.40 / 1L,/shop/productdetails/94950/golden-circle-fruit-drinks-lunch-box-poppers-multipack-apple-splash
274341,Nestle Milo Choc-malt 200g,$5.00,$2.50 / 100G,/shop/productdetails/274341/nestle-milo-choc-malt
93187,Sprite Lemonade Soft Drink Bottle 600ml,$4.05,$6.75 / 1L,/shop/productdetails/93187/sprite-lemonade-soft-drink-bottle
95879,"Twinings Asha Turmeric Temple Turmeric, Ginger & Grapefruit Tea Bags 18 Pack",$7.50,$0.42 / 1EA,/shop/productdetails/95879/twinings-asha-turmeric-temple-turmeric-ginger-grapefruit-tea-bags
253773,Schweppes Dry Ginger Ale Zero Sugar 300ml X4 Pack,$3.70,$3.08 / 1L,/shop/productdetails/253773/schweppes-dry-ginger-ale-zero-sugar
59561,Woolworths No Added Sugar Pineapple Juice 1l,$2.05,$2.05 / 1L,/shop/productdetails/59561/woolworths-no-added-sugar-pineapple-juice
802510,Gatorade G-active Electrolyte Water Mango Flavoured No Sugar 600ml,$4.00,$6.67 / 1L,/shop/productdetails/802510/gatorade-g-active-electrolyte-water-mango-flavoured-no-sugar
229664,Passiona Zero Sugar Soda Syrup 300ml,$4.50,$15.00 / 1L,/shop/productdetails/229664/passiona-zero-sugar-soda-syrup
159799,Kirks Creaming Soda Cans 375ml X10 Pack,$7.80,$2.08 / 1L,/shop/productdetails/159799/kirks-creaming-soda-cans
134424,T2 Tummy Tea Bags 10 Pack,$7.00,$0.70 / 1EA,/shop/productdetails/134424/t2-tummy-tea-bags
308940,Edenvale Non Alcoholic Wine Shiraz 750ml,$10.50,$14.00 / 1L,/shop/productdetails/308940/edenvale-non-alcoholic-wine-shiraz
829318,Vittoria Espressotoria Espresso Coffee Capsules 12 Pack,$6.00,$0.50 / 1EA,/shop/productdetails/829318/vittoria-espressotoria-espresso-coffee-capsules
229762,Remedy Guava Sodaly Prebiotic Prebiotic Soda No Sugar Cans 250ml X4 Pack,$8.00,$8.00 / 1L,/shop/productdetails/229762/remedy-guava-sodaly-prebiotic-prebiotic-soda-no-sugar-cans
150166,Macro Organic Oat Milk Unsweetened 1l,$2.25,$2.25 / 1L,/shop/productdetails/150166/macro-organic-oat-milk-unsweetened
442185,Schweppes Lemonade Cans 375ml X10 Pack,$9.90,$2.64 / 1L,/shop/productdetails/442185/schweppes-lemonade-cans
159370,Lipton English Breakfast Tea Bags 100 Pack,$4.00,$0.04 / 1EA,/shop/productdetails/159370/lipton-english-breakfast-tea-bags
702170,Nudie Nothing But Oranges Pulp Free Juice 2l,$8.00,$4.00 / 1L,/shop/productdetails/702170/nudie-nothing-but-oranges-pulp-free-juice
262841,Gatorade Fierce Grape Sports Drink 600ml,$4.00,$6.67 / 1L,/shop/productdetails/262841/gatorade-fierce-grape-sports-drink
90032,Devondale 100% Pure Full Cream Long Life Milk 6x200ml,$6.00,$5.00 / 1L,/shop/productdetails/90032/devondale-100-pure-full-cream-long-life-milk
55071,Woolworths Breakfast Juice 2l,$2.80,$1.40 / 1L,/shop/productdetails/55071/woolworths-breakfast-juice
178233,Dash Water Lemon Infused Sparkling Water 300ml X4,$8.00,$6.67 / 1L,/shop/productdetails/178233/dash-water-lemon-infused-sparkling-water
101681,Nescafe Starbucks Medium Roast Premium Instant Coffee 90g,$13.00,$14.44 / 100G,/shop/productdetails/101681/nescafe-starbucks-medium-roast-premium-instant-coffee
231982,S.pellegrino Essenza Blood Orange & Black Raspberry 330ml X 8 Pack,$15.60,$5.91 / 1L,/shop/productdetails/231982/san-pellegrino-s-pellegrino-essenza-blood-orange-black-raspberry
878584,Alka Power Alkaline Spring Water 10l,$15.00,$1.50 / 1L,/shop/productdetails/878584/alka-power-alkaline-spring-water
32812,Fanta Orange Soft Drink Bottle 1.25l,$3.55,$2.84 / 1L,/shop/productdetails/32812/fanta-orange-soft-drink-bottle
157076,Juice Lab Wellness Digest Gut Health Super Shot 60ml,$3.50,$58.33 / 1L,/shop/productdetails/157076/juice-lab-wellness-digest-gut-health-super-shot
112517,T2 French Earl Grey Tea Bags 10 Pack,$7.00,$0.70 / 1EA,/shop/productdetails/112517/t2-french-earl-grey-tea-bags
226405,Twinings Live Well Sleep Well Tea Bags 22 Pack,$4.25,$0.19 / 1EA,/shop/productdetails/226405/twinings-live-well-sleep-well-tea-bags
105914,Nestle Sweetened Condensed Milk 395g,$3.80,$0.96 / 100G,/shop/productdetails/105914/nestle-sweetened-condensed-milk
221229,Starbucks By Nespresso Intensity 8 House Blend Coffee Pods 36 Pack,$22.00,$0.61 / 1EA,/shop/productdetails/221229/starbucks-by-nespresso-intensity-8-house-blend-coffee-pods
156874,The Juice Lab Focus Brain Power Super Shot 60ml,$3.50,$58.33 / 1L,/shop/productdetails/156874/the-juice-lab-focus-brain-power-super-shot
793315,Coca - Cola Classic  Soft Drink Multipack Cans 375ml X 10 Pack,$16.10,$4.29 / 1L,/shop/productdetails/793315/coca-cola-classic-soft-drink-multipack-cans
35681,Moccona Freeze Dried Instant Coffee Classic Medium Roast 200g,$16.00,$8.00 / 100G,/shop/productdetails/35681/moccona-freeze-dried-instant-coffee-classic-medium-roast
313019,Coca - Cola Classic  Soft Drink Mini Bottles 300ml X 12 Pack,$10.10,$2.81 / 1L,/shop/productdetails/313019/coca-cola-classic-soft-drink-mini-bottles
226913,Red Bull Energy Drink Sugar Free 4x250ml,$8.50,$8.50 / 1L,/shop/productdetails/226913/red-bull-energy-drink-sugar-free
36182,Golden Circle Fruit Drinks Lunch Box Poppers Multipack Sunshine Punch 250ml X6 Pack,$5.10,$3.40 / 1L,/shop/productdetails/36182/golden-circle-fruit-drinks-lunch-box-poppers-multipack-sunshine-punch
43801,Golden Circle Orange Fruit Drink Poppers Lunchbox Lunch Box Popper 250ml X6 Pack,$5.10,$3.40 / 1L,/shop/productdetails/43801/golden-circle-orange-fruit-drink-poppers-lunchbox-lunch-box-popper
229636,"Remedy Lemon, Lime & Bitters Sodaly Prebiotic Soda No Sugar Cans 250ml X4 Pack",$8.00,$8.00 / 1L,/shop/productdetails/229636/remedy-lemon-lime-bitters-sodaly-prebiotic-soda-no-sugar-cans
178308,Dash Water Cucumber Infused Sparkling Water 300ml X4,$8.00,$6.67 / 1L,/shop/productdetails/178308/dash-water-cucumber-infused-sparkling-water
94179,Twinings Chai Vanilla Tea Bags 80 Pack,$13.50,$0.17 / 1EA,/shop/productdetails/94179/twinings-chai-vanilla-tea-bags-bags
243760,Coca - Cola Zero Sugar Soft Drink Mini Cans 6 X 250ml,$9.20,$6.13 / 1L,/shop/productdetails/243760/coca-cola-zero-sugar-soft-drink-mini-cans
7576,Golden Circle Fruit Drinks Lunch Box Poppers Multipack Golden Pash 250ml X6 Pack,$5.10,$3.40 / 1L,/shop/productdetails/7576/golden-circle-fruit-drinks-lunch-box-poppers-multipack-golden-pash
739739,Woolworths Strawberry Milk 6x200ml,$4.60,$3.83 / 1L,/shop/productdetails/739739/woolworths-strawberry-milk
242089,Mount Franklin Lightly Sparkling Water Mango Flavour Cans 250ml X 6 Pack,$9.20,$6.13 / 1L,/shop/productdetails/242089/mount-franklin-lightly-sparkling-water-mango-flavour-cans
25125,Strangelove Light Tonic 540ml,$5.60,$10.37 / 1L,/shop/productdetails/25125/strangelove-light-tonic
729168,Woolworths Apple Juice 6x250ml,$3.50,$2.33 / 1L,/shop/productdetails/729168/woolworths-apple-juice
54291,Pepsi Max Cans 24x375ml,$34.85,$3.87 / 1L,/shop/productdetails/54291/pepsi-max-cans
84764,Woolworths Evaporated Milk 385ml,$2.00,$5.19 / 1L,/shop/productdetails/84764/woolworths-evaporated-milk
147701,Vittoria Espresso Ground Coffee 500g,$20.00,$4.00 / 100G,/shop/productdetails/147701/vittoria-espresso-ground-coffee
41853,Twinings English Breakfast Loose Leaf Tea 125g,$6.50,$5.20 / 100G,/shop/productdetails/41853/twinings-english-breakfast-loose-leaf-tea
275804,Prime Hydration Blue Raspberry 500ml,$4.50,$9.00 / 1L,/shop/productdetails/275804/prime-hydration-prime-hydration-blue-raspberry
275808,Prime Hydration Lemon Lime 500ml,$4.50,$9.00 / 1L,/shop/productdetails/275808/prime-hydration-prime-hydration-lemon-lime
727383,Mountain Dew Soft Drink Energised Bottle 1.25l,$1.80,$1.44 / 1L,/shop/productdetails/727383/mountain-dew-soft-drink-energised-bottle
75979,Nerada Tea Bags 200 Pack 400g,$6.00,$0.03 / 1EA,/shop/productdetails/75979/nerada-tea-bags
97471,Bundaberg Ginger Beer 375ml X4 Pack,$7.00,$4.67 / 1L,/shop/productdetails/97471/bundaberg-ginger-beer
229460,"Schweppes Lemon, Lime & Bitters Zero Sugar Soda Syrup 300ml",$4.50,$15.00 / 1L,/shop/productdetails/229460/schweppes-lemon-lime-bitters-zero-sugar-soda-syrup
157658,Youjuice Multivitamin Squeeze 350ml,$3.50,$10.00 / 1L,/shop/productdetails/157658/youjuice-multivitamin-squeeze
555213,Golden Circle Fruit Drinks Lunch Box Poppers Multipack Golden Pash 250ml X24 Pack,$14.90,$2.48 / 1L,/shop/productdetails/555213/golden-circle-fruit-drinks-lunch-box-poppers-multipack-golden-pash
195108,Nescafe Coffee Sachets Cappuccino 10 Pack,$7.60,$0.76 / 1EA,/shop/productdetails/195108/nescafe-coffee-sachets-cappuccino-cappuccino
37831,Vittoria Espresso Ground Coffee 200g,$10.00,$5.00 / 100G,/shop/productdetails/37831/vittoria-espresso-ground-coffee
244370,Coca - Cola Classic  Soft Drink Mini Cans 250ml X 6 Pack,$9.20,$6.13 / 1L,/shop/productdetails/244370/coca-cola-classic-soft-drink-mini-cans
159796,Kirks Lemonade Soft Drink Multipack Cans 375ml X10 Pack,$7.80,$2.08 / 1L,/shop/productdetails/159796/kirks-lemonade-soft-drink-multipack-cans
208575,Moccona Freeze Dried Instant Coffee Classic Medium Roast 400g,$28.00,$7.00 / 100G,/shop/productdetails/208575/moccona-freeze-dried-instant-coffee-classic-medium-roast
503038,Woolworths Fruit Drink 35% Apple 6x250ml,$3.00,$2.00 / 1L,/shop/productdetails/503038/woolworths-fruit-drink-35-apple
886811,Bundaberg Diet Sarsaparilla 375ml X4 Pack,$7.00,$4.67 / 1L,/shop/productdetails/886811/bundaberg-diet-sarsaparilla
315776,Prima Tropical Fruit Drink 6x200ml,$3.60,$3.00 / 1L,/shop/productdetails/315776/prima-tropical-fruit-drink
829332,Vittoria Espressotoria Italian Coffee Capsules 12 Pack,$6.00,$0.50 / 1EA,/shop/productdetails/829332/vittoria-espressotoria-italian-coffee-capsules
76493,Nerada Tea Bags 100 Pack 200g,$4.00,$0.04 / 1EA,/shop/productdetails/76493/nerada-tea-bags
663675,Golden Circle Apple Blackcurrant Poppers Fruit Drink Multipack Lunchbox 250ml X6 Pack,$5.10,$3.40 / 1L,/shop/productdetails/663675/golden-circle-apple-blackcurrant-poppers-fruit-drink-multipack-lunchbox
803078,Coca - Cola Vanilla Zero Sugar Soft Drink Bottle 1.25l,$3.55,$2.84 / 1L,/shop/productdetails/803078/coca-cola-vanilla-zero-sugar-soft-drink-bottle
199689,Dilmah Extra Strength Tea Bags 50 Pack,$3.20,$0.06 / 1EA,/shop/productdetails/199689/dilmah-extra-strength-tea-bags
275807,Prime Hydration Ice Pop 500ml,$4.50,$9.00 / 1L,/shop/productdetails/275807/prime-hydration-prime-hydration-ice-pop
84266,Woolworths Apple Raspberry 35% Fruit Juice 250ml X6 Pack,$3.00,$2.00 / 1L,/shop/productdetails/84266/woolworths-apple-raspberry-35-fruit-juice
35498,Golden Circle Drinks Sunshine Punch Fruit Drink 1l,$2.70,$2.70 / 1L,/shop/productdetails/35498/golden-circle-drinks-sunshine-punch-fruit-drink
95162,Mcguigan Zero Alcohol Free Sauvignon Blanc 750ml,$12.50,$16.67 / 1L,/shop/productdetails/95162/mcguigan-zero-alcohol-free-sauvignon-blanc
93852,Vittoria Espresso Nespresso Compatible Coffee Capsules Pack 20,$13.00,$0.65 / 1EA,/shop/productdetails/93852/vittoria-espresso-nespresso-compatible-coffee-capsules
326720,Nerada Organic Lemon & Ginger Tea Bags 40 Pack,$5.80,$0.15 / 1EA,/shop/productdetails/326720/nerada-organic-lemon-ginger-tea-bags
264490,V Energy Sugar Free 250mlx 4,$8.00,$8.00 / 1L,/shop/productdetails/264490/v-energy-sugar-free
18206,Dilmah Premium Quality Loose Leaf Tea 250g,$5.65,$2.26 / 100G,/shop/productdetails/18206/dilmah-premium-quality-loose-leaf-tea
188805,H2juice Mango Mix 1.25l,$4.00,$3.20 / 1L,/shop/productdetails/188805/h2juice-mango-mix
756030,Woolworths Ginger Beer Bottle 1.25l,$1.10,$0.88 / 1L,/shop/productdetails/756030/woolworths-ginger-beer-bottle
739730,Woolworths Chocolate Milk 6x200ml,$4.60,$3.83 / 1L,/shop/productdetails/739730/woolworths-chocolate-milk
652009,Bundaberg Tropical Mango Sparkling Drink 375ml X4 Pack,$7.00,$4.67 / 1L,/shop/productdetails/652009/bundaberg-tropical-mango-sparkling-drink
262843,Powerade Isotonic Mountain Blast Powder 500g,$10.00,$2.00 / 100G,/shop/productdetails/262843/powerade-isotonic-mountain-blast-powder
630643,Raw C Coconut Water 2l,$6.60,$3.30 / 1L,/shop/productdetails/630643/raw-c-coconut-water
157346,Robert Timms Coffee Bags Decaffeinated 18 Pack,$10.00,$0.56 / 1EA,/shop/productdetails/157346/robert-timms-coffee-bags-decaffeinated
310679,Devondale 100% Pure Full Cream Long Life Milk 150ml,$1.30,$8.67 / 1L,/shop/productdetails/310679/devondale-100-pure-full-cream-long-life-milk
225648,Twinings Every Day Black Tea Bags 100 Pack,$13.50,$0.14 / 1EA,/shop/productdetails/225648/twinings-every-day-black-tea-bags
222419,Alka Power Ph9-10 Alkaline Water 12 X600ml,$15.00,$2.08 / 1L,/shop/productdetails/222419/alka-power-ph9-10-alkaline-water
305224,Lipton Ice Tea Peach 1.5l,$3.00,$2.00 / 1L,/shop/productdetails/305224/lipton-ice-tea-peach
221793,Starbucks Espresso Roast Capsules 36 Pack,$22.00,$0.61 / 1EA,/shop/productdetails/221793/starbucks-espresso-roast-capsules
575869,Australia's Own Unsweetened Coconut Milk 1l,$3.20,$3.20 / 1L,/shop/productdetails/575869/australia-s-own-unsweetened-coconut-milk
83494,Vitasoy Prebiotic Oat Milk 1l,$3.90,$3.90 / 1L,/shop/productdetails/83494/vitasoy-prebiotic-oat-milk
51570,Powerade Active Water Lemon Sports Drink Sipper Cap 600ml,$2.40,$4.00 / 1L,/shop/productdetails/51570/powerade-active-water-lemon-sports-drink-sipper-cap
899990,Gatorade Fierce Green Apple 600ml,$4.00,$6.67 / 1L,/shop/productdetails/899990/gatorade-fierce-green-apple
55696,Madura Premium Blend Tea Bags 100 Pack 200g,$10.00,$0.10 / 1EA,/shop/productdetails/55696/madura-premium-blend-tea-bags
789291,Quarter Past Caramel Coffee Syrup 250ml,$5.00,$2.00 / 100ML,/shop/productdetails/789291/quarter-past-caramel-coffee-syrup-caramel
359118,Nudie Nothing But Oranges With Pulp 2l,$8.00,$4.00 / 1L,/shop/productdetails/359118/nudie-nothing-but-oranges-with-pulp
229607,Pop Tops Apple Fruit Drink 250ml X 6 Pack,$5.90,$3.93 / 1L,/shop/productdetails/229607/pop-tops-apple-fruit-drink
275806,Prime Hydration Orange 500ml,$4.50,$9.00 / 1L,/shop/productdetails/275806/prime-hydration-prime-hydration-orange
260368,Kirks Sugar Free Lemonade Soft Drink  Bottle 1.25l,$1.75,$1.40 / 1L,/shop/productdetails/260368/kirks-sugar-free-lemonade-soft-drink-bottle
701667,Macro Organic Rice Milk 1l,$1.65,$1.65 / 1L,/shop/productdetails/701667/macro-organic-rice-milk
262170,Nerada Organic Peppermint Tea Bags 40 Pack 60g,$5.80,$0.15 / 1EA,/shop/productdetails/262170/nerada-organic-peppermint-tea-bags
159797,Kirks Lemon Squash Soft Drink Multipack Cans 375ml X10 Pack,$7.80,$2.08 / 1L,/shop/productdetails/159797/kirks-lemon-squash-soft-drink-multipack-cans
195393,Ocean Spray Cranberry Classic Juice Drink 1.5l,$5.00,$3.33 / 1L,/shop/productdetails/195393/ocean-spray-cranberry-classic-juice-drink
793391,Pureharvest Coco Quench Coconut Milk 1l,$3.50,$3.50 / 1L,/shop/productdetails/793391/pureharvest-coco-quench-coconut-milk
660390,Vitasoy Almond Milky 1l,$3.00,$3.00 / 1L,/shop/productdetails/660390/vitasoy-almond-milky
93221,Vittoria Espresso Nespresso Compatible Coffee Capsules Pack 10,$5.50,$0.55 / 1EA,/shop/productdetails/93221/vittoria-espresso-nespresso-compatible-coffee-capsules
180941,Coca - Cola Vanilla  Soft Drink Bottle 1.25l,$3.55,$2.84 / 1L,/shop/productdetails/180941/coca-cola-vanilla-soft-drink-bottle-bottle
209144,Liddells Skim Long Life Milk Lactose Free 1l,$3.00,$3.00 / 1L,/shop/productdetails/209144/liddells-skim-long-life-milk-lactose-free
315759,Prima Apple & Raspberry Fruit Drink 6x200ml,$3.60,$3.00 / 1L,/shop/productdetails/315759/prima-apple-raspberry-fruit-drink
232164,Ardmona Ardmona Apricot Nectar Fruit Drink 405ml,$2.00,$4.94 / 1L,/shop/productdetails/232164/ardmona-apricot-nectar-fruit-drink
700548,Berri Pop Tops Apple Juice 250ml,$1.30,$5.20 / 1L,/shop/productdetails/700548/berri-pop-tops-apple-juice
33981,Golden Circle Drinks Tropical Punch Fruit Drink 1l,$2.70,$2.70 / 1L,/shop/productdetails/33981/golden-circle-drinks-tropical-punch-fruit-drink
88470,Original Juice Orange Juice 1.5l,$5.00,$3.33 / 1L,/shop/productdetails/88470/original-juice-orange-juice
289272,Nestle Milo Refill Pack 730g,$9.90,$1.36 / 100G,/shop/productdetails/289272/nestle-milo-refill-pack
203552,Bundaberg Ginger Beer 375ml X10 Pack,$12.00,$3.20 / 1L,/shop/productdetails/203552/bundaberg-ginger-beer
781407,Vittoria Organic Coffee Beans Organic 1kg,$44.00,$4.40 / 100G,/shop/productdetails/781407/vittoria-organic-coffee-beans-organic
67059,Golden Circle Fruit Juices Pineapple Juice 2l,$4.80,$2.40 / 1L,/shop/productdetails/67059/golden-circle-fruit-juices-pineapple-juice-juice
33072,Nerada Loose Leaf Tea 250g,$2.80,$1.12 / 100G,/shop/productdetails/33072/nerada-loose-leaf-tea
729169,Woolworths Apple & Blackcurrant Juice 6x250ml,$3.50,$2.33 / 1L,/shop/productdetails/729169/woolworths-apple-blackcurrant-juice
42980,Twinings Earl Grey Tea Bags 50 Pack,$7.00,$0.14 / 1EA,/shop/productdetails/42980/twinings-earl-grey-tea-bags-tea-bags
263672,Sanitarium So Good Long Life Regular Soy Milk 250ml X3 Pack,$3.60,$4.80 / 1L,/shop/productdetails/263672/sanitarium-so-good-long-life-regular-soy-milk
148131,Bushells Black Tea Extra Strong 100 Pack,$4.85,$0.05 / 1EA,/shop/productdetails/148131/bushells-black-tea-extra-strong
842241,La Ice Cola Bottle 2l,$2.00,$1.00 / 1L,/shop/productdetails/842241/la-ice-cola-bottle-bottle
221678,Fanta Raspberry Zero Sugar Soft Drink Bottles 1.25l,$3.55,$2.84 / 1L,/shop/productdetails/221678/fanta-raspberry-zero-sugar-soft-drink-bottles
263094,Original Juice Pulp Free Orange Juice 1.5l,$5.00,$3.33 / 1L,/shop/productdetails/263094/original-juice-pulp-free-orange-juice
280288,Schweppes Natural Mineral Water Infused Passionfruit & Pineapple 375ml X 10 Pack,$9.90,$2.64 / 1L,/shop/productdetails/280288/schweppes-natural-mineral-water-infused-passionfruit-pineapple
761604,Almond Breeze Unsweetened Almond Milk 1l,$3.00,$3.00 / 1L,/shop/productdetails/761604/almond-breeze-unsweetened-almond-milk
331784,Red Bull Energy Drink Cans 250ml X8 Pack,$15.50,$7.75 / 1L,/shop/productdetails/331784/red-bull-energy-drink-cans
134181,T2 Detox Tea Bags 10 Pack,$7.00,$0.70 / 1EA,/shop/productdetails/134181/t2-detox-tea-bags
284455,Vittoria Mountain Grown Coffee Beans 1kg,$44.00,$4.40 / 100G,/shop/productdetails/284455/vittoria-mountain-grown-coffee-beans
793384,Sanitarium So Good Long Life Unsweetened Almond Coconut Milk 1l,$2.90,$2.90 / 1L,/shop/productdetails/793384/sanitarium-so-good-long-life-unsweetened-almond-coconut-milk
231845,Ribena Syrup Light Blackcurrant 1l,$7.00,$7.00 / 1L,/shop/productdetails/231845/ribena-syrup-light-blackcurrant
690852,Woolworths Chai Latte Sachets 10 Pack,$3.25,$0.33 / 1EA,/shop/productdetails/690852/woolworths-chai-latte-sachets
177982,La Ice Cola No Sugar 2l,$2.00,$1.00 / 1L,/shop/productdetails/177982/la-ice-cola-no-sugar
308942,Edenvale Non Alcoholic Wine Sparkling Cuvee 750ml,$10.50,$14.00 / 1L,/shop/productdetails/308942/edenvale-non-alcoholic-wine-sparkling-cuvee
308941,Edenvale Non Alcoholic Wine Chardonnay 750ml,$10.50,$14.00 / 1L,/shop/productdetails/308941/edenvale-non-alcoholic-wine-chardonnay
132815,V With Guarana   4x250ml,$8.00,$8.00 / 1L,/shop/productdetails/132815/v
186602,Vittoria Mountain Grown Ground Coffee 1kg,$44.00,$4.40 / 100G,/shop/productdetails/186602/vittoria-mountain-grown-ground-coffee
61663,Starbucks Nescafe Dolce Gusto Caramel Macchiato Coffee Pods 12 Pack,$10.00,$0.83 / 1EA,/shop/productdetails/61663/nescafe-starbucks-nescafe-dolce-gusto-caramel-macchiato-coffee-pods
159897,Vittoria Freeze Dried Instant Coffee Classic 100g,$12.50,$12.50 / 100G,/shop/productdetails/159897/vittoria-freeze-dried-instant-coffee-classic
282467,Schweppes Natural Mineral Water Infused Lime & Lemon 375ml X 10 Pack,$9.90,$2.64 / 1L,/shop/productdetails/282467/schweppes-natural-mineral-water-infused-lime-lemon
97501,Twinings Asha Vanilla Retreat Cinnamon & Camomile Tea Bags 18 Pack,$7.50,$0.42 / 1EA,/shop/productdetails/97501/twinings-asha-vanilla-retreat-cinnamon-camomile-tea-bags
92808,Vittoria Decaffeinated Nespresso Compatible Coffee Capsules Pack 10,$5.50,$0.55 / 1EA,/shop/productdetails/92808/vittoria-decaffeinated-nespresso-compatible-coffee-capsules
546615,Woolworths 100% Pure Coconut Water 1l,$3.20,$3.20 / 1L,/shop/productdetails/546615/woolworths-100-pure-coconut-water
30450,Gatorade Orange Ice Sports Drink 600ml,$4.00,$6.67 / 1L,/shop/productdetails/30450/gatorade-orange-ice-sports-drink
226906,Nescafe Coffee Sachets Vanilla Latte 10 Pack,$7.60,$0.76 / 1EA,/shop/productdetails/226906/nescafe-coffee-sachets-vanilla-latte-latte-vanilla
147333,Fever-tree Mediterranean Tonic Cans 150 Ml X8 Pack,$12.50,$10.42 / 1L,/shop/productdetails/147333/fever-tree-mediterranean-tonic-cans
226908,Nescafe Coffee Sachets Caramel Latte 10 Pack,$7.60,$0.76 / 1EA,/shop/productdetails/226908/nescafe-coffee-sachets-caramel-latte-caramel-latte
773147,Pepsi Cans 30x375ml,$23.00,$2.04 / 1L,/shop/productdetails/773147/pepsi-cans
685777,Perkii Mango Passionfruit Probiotic Drink 350ml,$4.40,$12.57 / 1L,/shop/productdetails/685777/perkii-mango-passionfruit-probiotic-drink
756047,Woolworths Dry Ginger Ale 1.25l,$1.10,$0.88 / 1L,/shop/productdetails/756047/woolworths-dry-ginger-ale
229654,Dash Water Sparkling Infused With Wonky Mangoes Cans 4 X300ml,$8.00,$6.67 / 1L,/shop/productdetails/229654/dash-water-sparkling-infused-with-wonky-mangoes-cans
230839,Schweppes Pink Lemonade Zero Sugar Bottles 4 Pack,$3.70,$3.08 / 1L,/shop/productdetails/230839/schweppes-pink-lemonade-zero-sugar-bottles
262165,Nerada Organic Camomile Tea Bags 40 Pack,$5.80,$0.15 / 1EA,/shop/productdetails/262165/nerada-organic-camomile-tea-bags
109483,Australia's Own A2 Protein Full Cream Uht Milk 1l,$2.50,$2.50 / 1L,/shop/productdetails/109483/australia-s-own-a2-protein-full-cream-uht-milk
245411,Gatorade Sports Drink Watermelon 600ml,$4.00,$6.67 / 1L,/shop/productdetails/245411/gatorade-sports-drink-watermelon
305908,Vittoria Chocochino Dark Drinking Chocolate 375g,$5.20,$1.39 / 100G,/shop/productdetails/305908/vittoria-chocochino-dark-drinking-chocolate
184455,Rockstar Energy Drink El Mango 500ml X4 Pack,$8.50,$4.25 / 1L,/shop/productdetails/184455/rockstar-energy-drink-el-mango
275803,Prime Hydration Tropical Punch 500ml,$4.50,$0.01 / 1ML,/shop/productdetails/275803/prime-hydration-prime-hydration-tropical-punch
78476,Vittoria Coffee Beans Special Italian Blend 1kg,$24.00,$2.40 / 100G,/shop/productdetails/78476/vittoria-coffee-beans-special-italian-blend
756044,Woolworths Lemon Lime & Bitters 1.25l,$1.10,$0.88 / 1L,/shop/productdetails/756044/woolworths-lemon-lime-bitters
315747,Prima Apple Fruit Drink 6x200ml,$3.60,$3.00 / 1L,/shop/productdetails/315747/prima-apple-fruit-drink
503110,Woolworths Fruit Drink 35% Orange Mango 6x250ml,$3.00,$2.00 / 1L,/shop/productdetails/503110/woolworths-fruit-drink-35-orange-mango
35808,Pepsi Bottle 1.25l,$1.80,$1.44 / 1L,/shop/productdetails/35808/pepsi-bottle
218260,V8 Protein Blend Smoothie Mixed Berry 1.25l,$4.50,$3.60 / 1L,/shop/productdetails/218260/v8-protein-blend-smoothie-mixed-berry
546698,Cool Ridge Australian Spring Water 750ml,$2.90,$3.87 / 1L,/shop/productdetails/546698/cool-ridge-australian-spring-water
223875,Red Bull Energy Drink Cans 12 X250ml,$24.00,$8.00 / 1L,/shop/productdetails/223875/red-bull-energy-drink-cans
5306,Dilmah Ceylon Tea Bags 50 Pack,$3.10,$0.06 / 1EA,/shop/productdetails/5306/dilmah-ceylon-tea-bags
184133,Fever-tree Lime & Yuzu Soda 500ml,$4.50,$9.00 / 1L,/shop/productdetails/184133/fever-tree-lime-yuzu-soda
238548,Sprite Lemon+ Zero Sugar Soft Drink 1.25l,$3.55,$2.84 / 1L,/shop/productdetails/238548/sprite-lemon-zero-sugar-soft-drink
793311,Fanta Orange Soft Drink Multipack Cans 375ml X10 Pack,$16.10,$4.29 / 1L,/shop/productdetails/793311/fanta-orange-soft-drink-multipack-cans
701112,Higher Living Ginger Kick Tea Bags 15 Pack,$4.40,$0.29 / 1EA,/shop/productdetails/701112/higher-living-ginger-kick-tea-bags
229753,Pop Tops Apple & Blackcurrent Fruit Drink 250ml X 6 Pack,$5.90,$3.93 / 1L,/shop/productdetails/229753/pop-tops-apple-blackcurrent-fruit-drink
260099,Pureharvest Organic Almond Milk 1l,$2.00,$2.00 / 1L,/shop/productdetails/260099/pureharvest-organic-almond-milk
95185,Higher Living Peppermint & Licorice Tea 15 Pack,$4.40,$0.29 / 1EA,/shop/productdetails/95185/higher-living-peppermint-licorice-tea
250036,Dilmah Extra Strength Tea Bags 200 Pack,$12.50,$0.06 / 1EA,/shop/productdetails/250036/dilmah-extra-strength-tea-bags
785960,Sodastream Cylinder 60l,$35.00,$35.00 / 1EA,/shop/productdetails/785960/sodastream-cylinder
864460,Sprite Zero Sugar Soft Drink Bottle 600ml,$4.05,$6.75 / 1L,/shop/productdetails/864460/sprite-zero-sugar-soft-drink-bottle
728206,Higher Living Licorice Tea Bags 15 Pack,$4.40,$0.29 / 1EA,/shop/productdetails/728206/higher-living-licorice-tea-bags
260366,Kirks Sugar Free Creaming Soda Soft Drink Bottle 1.25l,$1.75,$1.40 / 1L,/shop/productdetails/260366/kirks-sugar-free-creaming-soda-soft-drink-bottle
178870,Diet Rite Pine Lime No Sugar 1.25l,$1.55,$1.24 / 1L,/shop/productdetails/178870/diet-rite-pine-lime-no-sugar
152235,Gatorade No Sugar Glacier Freeze 600ml,$4.00,$6.67 / 1L,/shop/productdetails/152235/gatorade-no-sugar-glacier-freeze
61662,Starbucks Nescafe Dolce Gusto Cappuccino Coffee Pods 6 Pack,$10.00,$0.83 / 1EA,/shop/productdetails/61662/nescafe-starbucks-nescafe-dolce-gusto-cappuccino-coffee-pods
32179,Vittoria Italian Ground 200g,$5.50,$2.75 / 100G,/shop/productdetails/32179/vittoria-italian-ground
212816,Nestle Coffee Mate Coffee Flavouring Whitener 400g,$4.50,$1.13 / 100G,/shop/productdetails/212816/nestle-coffee-mate-coffee-flavouring-whitener
30475,Liddells Low Fat Long Life Milk Lactose Free 1l,$3.00,$3.00 / 1L,/shop/productdetails/30475/liddells-low-fat-long-life-milk-lactose-free
250055,Twinings Green Tea & Lemon Tea Bags 50 Pack,$7.00,$0.14 / 1EA,/shop/productdetails/250055/twinings-green-tea-lemon-tea-bags-tea-bags
299503,Nescafe Original Choc Mocha Coffee Tim Tam 8 Pack,$5.50,$0.69 / 1EA,/shop/productdetails/299503/nescafe-original-choc-mocha-coffee-tim-tam
55070,Woolworths Multivitamin Juice 2l,$2.80,$1.40 / 1L,/shop/productdetails/55070/woolworths-multivitamin-juice
231291,"Nudie Probiotic Smoothie Strawberry, Raspberry, Pear, Orange Banana 400ml",$4.50,$11.25 / 1L,/shop/productdetails/231291/nudie-probiotic-smoothie-strawberry-raspberry-pear-orange-banana
574762,Diet Rite Cordial Fruit Cocktail 1l,$3.50,$3.50 / 1L,/shop/productdetails/574762/diet-rite-cordial-fruit-cocktail
159547,T2 Wakey Wakey Tea Bags 10 Pack,$7.00,$0.70 / 1EA,/shop/productdetails/159547/t2-wakey-wakey-tea-bags
153052,Gatorade No Sugar Berry 600ml,$4.00,$6.67 / 1L,/shop/productdetails/153052/gatorade-no-sugar-berry
38433,Pepsi Bottle 2l,$3.20,$1.60 / 1L,/shop/productdetails/38433/pepsi-bottle
155190,Califia Farms Oat Barista Blend Uht Milk 1l,$4.90,$4.90 / 1L,/shop/productdetails/155190/califia-farms-oat-barista-blend-uht-milk
218259,V8 Protein Blend Smoothie Tropical 1.25l,$4.50,$3.60 / 1L,/shop/productdetails/218259/v8-protein-blend-smoothie-tropical
315761,Prima Orange Fruit Drink 6x200ml,$3.60,$3.00 / 1L,/shop/productdetails/315761/prima-orange-fruit-drink
16485,Vittoria Decaffeinated Ground Coffee Espresso 200g,$12.00,$6.00 / 100G,/shop/productdetails/16485/vittoria-decaffeinated-ground-coffee-espresso
85159,Coca - Cola Diet Soft Drink Multipack Cans 375ml X 30 Pack,$44.90,$3.99 / 1L,/shop/productdetails/85159/coca-cola-diet-soft-drink-multipack-cans
65702,Madura English Breakfast Tea Bags 50 Pack 100g,$5.45,$0.11 / 1EA,/shop/productdetails/65702/madura-english-breakfast-tea-bags
39154,Diet Rite Apple Blackcurrant Cordial 1l,$3.50,$3.50 / 1L,/shop/productdetails/39154/diet-rite-apple-blackcurrant-cordial
257225,Twinings Ceylon Orange Pekoe Tea Bags 50 Pack,$7.00,$0.14 / 1EA,/shop/productdetails/257225/twinings-ceylon-orange-pekoe-tea-bags-tea-bags
830653,Vitafresh Sweet Navel Orange Drink 3 Pack,$2.20,$1.47 / 100G,/shop/productdetails/830653/vitafresh-sweet-navel-orange-drink
219226,V8 Power Blend Juice Immunity Boost 1.25l,$4.50,$3.60 / 1L,/shop/productdetails/219226/v8-power-blend-juice-immunity-boost
187735,Devondale Sparkling Apple Juice 750ml,$3.65,$4.87 / 1L,/shop/productdetails/187735/devondale-sparkling-apple-juice
228520,Madura Premium Blend Tea 200g,$6.60,$3.30 / 100G,/shop/productdetails/228520/madura-premium-blend-tea
36171,Solo Lemon Zero Sugar 600ml,$3.95,$6.58 / 1L,/shop/productdetails/36171/solo-lemon-zero-sugar
221667,Lipton No Sugar Peach Flavour Iced Tea 1.5l,$3.00,$2.00 / 1L,/shop/productdetails/221667/lipton-no-sugar-peach-flavour-iced-tea
786547,Golden Circle Fruit Drinks Apricot Nectar 1l,$3.60,$3.60 / 1L,/shop/productdetails/786547/golden-circle-fruit-drinks-apricot-nectar
140640,Coca - Cola Caffeine Free Zero Sugar Soft Drink Multipack Cans 10 X 375ml,$16.10,$4.29 / 1L,/shop/productdetails/140640/coca-cola-caffeine-free-zero-sugar-soft-drink-multipack-cans
93466,Vittoria Latte Nespresso Compatible Coffee Capsules Pack 10,$5.50,$0.55 / 1EA,/shop/productdetails/93466/vittoria-latte-nespresso-compatible-coffee-capsules
115082,Vittoria Espressotoria Latte Coffee Capsules 12 Pack,$6.00,$0.50 / 1EA,/shop/productdetails/115082/vittoria-espressotoria-latte-coffee-capsules
65347,Impressed Pressed Juice Orange Pulp Free 1l,$4.00,$4.00 / 1L,/shop/productdetails/65347/impressed-pressed-juice-orange-pulp-free
767252,Red Bull Energy Drink Zero 4x250ml,$8.50,$8.50 / 1L,/shop/productdetails/767252/red-bull-energy-drink-zero
246323,Sprite Lemon+ Zero Sugar Soft Drink Bottle 600ml,$4.05,$6.75 / 1L,/shop/productdetails/246323/sprite-lemon-zero-sugar-soft-drink-bottle
305223,Lipton Ice Tea Lemon 1.5l,$3.00,$2.00 / 1L,/shop/productdetails/305223/lipton-ice-tea-lemon
262167,Nerada Organic Chai Tea 50 Pack 93g,$4.25,$0.09 / 1EA,/shop/productdetails/262167/nerada-organic-chai-tea
231289,Nudie Probiotic Smoothie Mango Pear Passionfruit Orange Banana 400ml,$4.50,$11.25 / 1L,/shop/productdetails/231289/nudie-probiotic-smoothie-mango-pear-passionfruit-orange-banana
259079,Nescafe Coffee Sachets Strong Cappuccino 10 Pack,$7.60,$0.76 / 1EA,/shop/productdetails/259079/nescafe-coffee-sachets-strong-cappuccino
47123,Daily Juice Orange Juice No Added Sugar 2l,$5.00,$2.50 / 1L,/shop/productdetails/47123/daily-juice-orange-juice-no-added-sugar
150443,Nestle Carnation Creamy Evaporated Milk 340ml,$3.00,$8.82 / 1L,/shop/productdetails/150443/nestle-carnation-creamy-evaporated-milk
33804,Bushells Blue Label Loose Leaf Tea 250g,$3.30,$1.32 / 100G,/shop/productdetails/33804/bushells-blue-label-loose-leaf-tea
227590,V Energy Refresh Pineapple & Watermelon Zero Sugar Cans 250ml X4 Pack,$8.00,$8.00 / 1L,/shop/productdetails/227590/v-energy-refresh-pineapple-watermelon-zero-sugar-cans
22956,Nudie Kids Tetra Apple 200ml,$2.20,$11.00 / 1L,/shop/productdetails/22956/nudie-kids-tetra-apple
829320,Vittoria Espressotoria Oro Coffee Capsules 12 Pack,$6.00,$0.50 / 1EA,/shop/productdetails/829320/vittoria-espressotoria-oro-coffee-capsules
280988,Bubly Sparkling Water With Raspberry Multipack Cans 375ml X 8 Pack,$8.25,$2.75 / 1L,/shop/productdetails/280988/asahi-beverages-pty-ltd-bubly-sparkling-water-with-raspberry-multipack-cans
574763,Diet Rite Cordial Apple Raspberry 1l,$3.50,$3.50 / 1L,/shop/productdetails/574763/diet-rite-cordial-apple-raspberry
662349,Remedy Organic Kombucha Apple Crisp 750ml,$5.00,$6.67 / 1L,/shop/productdetails/662349/remedy-organic-kombucha-apple-crisp
91082,Remedy Organic Kombucha Mango Passion 750ml,$5.00,$6.67 / 1L,/shop/productdetails/91082/remedy-organic-kombucha-mango-passion
159942,Vittoria Freeze Dried Instant Coffee Italian 100g,$12.50,$12.50 / 100G,/shop/productdetails/159942/vittoria-freeze-dried-instant-coffee-italian
54686,Bodiez Vitalise Berry 15g Protein Water 500ml,$2.80,$5.60 / 1L,/shop/productdetails/54686/bodiez-vitalise-berry-15g-protein-water
38435,Schweppes Lime Juice Cordial 750ml,$4.50,$6.00 / 1L,/shop/productdetails/38435/schweppes-lime-juice-cordial
178116,Remedy Immune Plus Vitamins Lemon & Lime Shot 60ml,$3.50,$58.33 / 1L,/shop/productdetails/178116/remedy-immune-plus-vitamins-lemon-lime-shot
511504,Monster Energy Ultra Multipack Cans 500ml X4 Pack,$14.45,$7.23 / 1L,/shop/productdetails/511504/monster-energy-ultra-multipack-cans
807893,Remedy Raspberry Lemonade Kombucha 4 Pack,$6.00,$6.00 / 1L,/shop/productdetails/807893/remedy-raspberry-lemonade-kombucha
67058,Golden Circle Tropical Juice No Added Sugar Pineapple Fruit Juices 2l,$4.80,$2.40 / 1L,/shop/productdetails/67058/golden-circle-tropical-juice-no-added-sugar-pineapple-fruit-juices
180891,Saxbys Diet Ginger Beer 750ml,$2.65,$3.53 / 1L,/shop/productdetails/180891/saxbys-diet-ginger-beer
22935,Nudie Kids Tetra Orange 200ml,$2.20,$11.00 / 1L,/shop/productdetails/22935/nudie-kids-tetra-orange
300889,Nescafe Caramel Choc Mocha Coffee Tim Tam 8 Pack,$5.50,$0.69 / 1EA,/shop/productdetails/300889/nescafe-caramel-choc-mocha-coffee-tim-tam
49967,Golden Circle Apple Raspberry Poppers Lunch Box Fruit Drink Multipack 250ml X6 Pack,$5.10,$3.40 / 1L,/shop/productdetails/49967/golden-circle-apple-raspberry-poppers-lunch-box-fruit-drink-multipack
83287,Vitasoy Prebiotic Almond Milk 1l,$3.90,$3.90 / 1L,/shop/productdetails/83287/vitasoy-prebiotic-almond-milk
756050,Woolworths Diet Dry Ginger Ale 1.25l,$1.10,$0.88 / 1L,/shop/productdetails/756050/woolworths-diet-dry-ginger-ale-dry-ginger-ale
92150,Vittoria Italian Nespresso Compatible Coffee Capsules Pack 10,$5.50,$0.55 / 1EA,/shop/productdetails/92150/vittoria-italian-nespresso-compatible-coffee-capsules
121312,Remedy Passionfruit Kombucha 250ml X4 Pack,$6.00,$6.00 / 1L,/shop/productdetails/121312/remedy-passionfruit-kombucha
807892,Remedy Lemon Ginger Kombucha 4 Pack,$6.00,$6.00 / 1L,/shop/productdetails/807892/remedy-lemon-ginger-kombucha
729170,Woolworths Orange Juice 6x250ml,$3.50,$2.33 / 1L,/shop/productdetails/729170/woolworths-orange-juice
90832,Bushells Extra Strong Leaf Tea 250g,$3.25,$1.30 / 100G,/shop/productdetails/90832/bushells-extra-strong-leaf-tea
730941,Macro Organic Almond Milk 1l,$2.50,$2.50 / 1L,/shop/productdetails/730941/macro-organic-almond-milk
370757,Coca - Cola Diet Soft Drink Multipack Cans 375ml X 24 Pack,$22.00,$2.44 / 1L,/shop/productdetails/370757/coca-cola-diet-soft-drink-multipack-cans
2108,Vittoria Ground Coffee Italian Blend 1kg,$24.00,$2.40 / 100G,/shop/productdetails/2108/vittoria-ground-coffee-italian-blend
203577,Pure Harvest Organic Oat Creamy 1l,$2.00,$2.00 / 1L,/shop/productdetails/203577/pure-harvest-organic-oat-creamy
67056,Golden Circle Orange Juice No Added Sugar Fruit Juices Oj 2l,$4.80,$2.40 / 1L,/shop/productdetails/67056/golden-circle-orange-juice-no-added-sugar-fruit-juices-oj
580911,Pepsi Max Vanilla Bottle 1.25l,$1.80,$1.44 / 1L,/shop/productdetails/580911/pepsi-max-vanilla-bottle
280394,Bubly Sparkling Water With Blackberry Multipack Cans 375ml X 8 Pack,$8.25,$2.75 / 1L,/shop/productdetails/280394/asahi-beverages-pty-ltd-bubly-sparkling-water-with-blackberry-multipack-cans
320238,Arkadia Chai Tea Spice 240g,N/A,N/A,/shop/productdetails/320238/arkadia-chai-tea-spice
286997,Coca - Cola Zero Sugar Raspberry Soft Drink Bottle 1.25l,$3.55,$2.84 / 1L,/shop/productdetails/286997/coca-cola-zero-sugar-raspberry-soft-drink-bottle
322924,Kirks Sugar Free Lemonade Soft Drink  Multipack Cans 375ml X10 Pack,$7.80,$2.08 / 1L,/shop/productdetails/322924/kirks-sugar-free-lemonade-soft-drink-multipack-cans
34709,International Roast Instant Coffee 500g,$14.00,$2.80 / 100G,/shop/productdetails/34709/international-roast-instant-coffee
159932,Vittoria Freeze Dried Instant Coffee Mountain Grown 100g,$12.50,$12.50 / 100G,/shop/productdetails/159932/vittoria-freeze-dried-instant-coffee-mountain-grown
549559,Nescafe Coffee Sachets Cappuccino 26 Pack,$11.00,$0.42 / 1EA,/shop/productdetails/549559/nescafe-coffee-sachets-cappuccino-cappucino
226666,Nescafe Coffee Sachets Hazelnut Latte 10 Pack,$7.60,$0.76 / 1EA,/shop/productdetails/226666/nescafe-coffee-sachets-hazelnut-latte-latte-hazelnut
369725,Powerade Isotonic Berry Ice Powder 500g,$10.00,$2.00 / 100G,/shop/productdetails/369725/powerade-isotonic-berry-ice-powder
290133,Coca - Cola Classic Glass Bottle 300ml X 4 Pack,$8.70,$6.59 / 1L,/shop/productdetails/290133/coca-cola-classic-glass-bottle
227257,Juice Lab Wellness Shot Calm 60ml,$3.50,$58.33 / 1L,/shop/productdetails/227257/juice-lab-wellness-shot-calm
76286,Schweppes Cordial Raspberry 750ml,$4.50,$6.00 / 1L,/shop/productdetails/76286/schweppes-cordial-raspberry
886819,Bundaberg Sparkling Passionfruit Drink 375ml X4 Pack,$7.00,$4.67 / 1L,/shop/productdetails/886819/bundaberg-sparkling-passionfruit-drink
151286,Remedy Organic Kombucha Wild Berry 250ml X4 Pack,$6.00,$6.00 / 1L,/shop/productdetails/151286/remedy-organic-kombucha-wild-berry
201689,Lipton Peach Ice Tea 500ml,$3.00,$6.00 / 1L,/shop/productdetails/201689/lipton-peach-ice-tea
347035,Woolworths Freeze Dried Coffee Decaf 100g,$4.00,$4.00 / 100G,/shop/productdetails/347035/woolworths-freeze-dried-coffee-decaf
231413,Schweppes Raspberry Flavour Zero Sugar Bottles 450ml X12 Pack,$20.00,$3.70 / 1L,/shop/productdetails/231413/schweppes-raspberry-flavour-zero-sugar-bottles
53114,Bundaberg Ginger Beer Mini Can 200ml X6 Pack,$5.80,$4.83 / 1L,/shop/productdetails/53114/bundaberg-ginger-beer-mini-can
159972,Vittoria Freeze Dried Instant Coffee Latte 100g,$12.50,$12.50 / 100G,/shop/productdetails/159972/vittoria-freeze-dried-instant-coffee-latte
700536,Berri Pop Tops Apple Blackcurrant Juice 250ml,$1.30,$5.20 / 1L,/shop/productdetails/700536/berri-pop-tops-apple-blackcurrant-juice
308101,Tru Blu Pub Squash Bottle 1.25l,$1.55,$1.24 / 1L,/shop/productdetails/308101/tru-blu-pub-squash-bottle
116684,Vittoria Latte Nespresso Compatible Coffee Capsules 20 Pack,$13.00,$0.65 / 1EA,/shop/productdetails/116684/vittoria-latte-nespresso-compatible-coffee-capsules
229774,Nature's Cuppa English Breakfast Tea Bags 60 Pack 150g,$3.50,$0.06 / 1EA,/shop/productdetails/229774/nature-s-cuppa-english-breakfast-tea-bags
150167,Macro Organic Coconut Milk Unsweetened 1l,$2.20,$2.20 / 1L,/shop/productdetails/150167/macro-organic-coconut-milk-unsweetened
825109,Golden Circle Orange Juice No Added Sugar Fruit Juices Oj 3l,$5.50,$1.83 / 1L,/shop/productdetails/825109/golden-circle-orange-juice-no-added-sugar-fruit-juices-oj
85169,Bonsoy Almond Milk 1l,$4.80,$4.80 / 1L,/shop/productdetails/85169/bonsoy-almond-milk
88193,Mcguigan Zero Alcohol Free Rose 750ml,$12.50,$16.67 / 1L,/shop/productdetails/88193/mcguigan-zero-alcohol-free-rose
22941,Nudie Kids Tetra Tropical 200ml,$2.20,$11.00 / 1L,/shop/productdetails/22941/nudie-kids-tetra-tropical
315777,Just Juice Apple Juice 6x200ml,$5.80,$4.83 / 1L,/shop/productdetails/315777/just-juice-apple-juice
477416,Golden Circle Apple Juice No Added Sugar Popper Lunchbox Fruit Juices 200ml X6 Pack,$6.50,$5.42 / 1L,/shop/productdetails/477416/golden-circle-apple-juice-no-added-sugar-popper-lunchbox-fruit-juices
274330,Solo Lemon Lime Zero Sugar Cans 375ml X 10 Pack,$9.90,$2.64 / 1L,/shop/productdetails/274330/solo-lemon-lime-zero-sugar-cans
174641,Remedy Digestion With Prebiotics Ginger Shot 60ml,$3.50,$58.33 / 1L,/shop/productdetails/174641/remedy-digestion-with-prebiotics-ginger-shot
852409,Woolworths Orange Mango Drink 2l,$2.30,$1.15 / 1L,/shop/productdetails/852409/woolworths-orange-mango-drink
108593,Australia's Own A2 Full Cream Uht Milk 6 Pack,$5.00,$4.17 / 1L,/shop/productdetails/108593/australia-s-own-a2-full-cream-uht-milk
283456,Bubly Sparkling Water With Lime Multipack Cans 375ml X 8 Pack,$8.25,$2.75 / 1L,/shop/productdetails/283456/asahi-beverages-pty-ltd-bubly-sparkling-water-with-lime-multipack-cans
427884,Madura Black Leaf Tea Organic 150g,$7.10,$4.73 / 100G,/shop/productdetails/427884/madura-black-leaf-tea-organic
96517,Mcguigan Zero Alcohol Free Chardonnay 750ml,$12.50,$16.67 / 1L,/shop/productdetails/96517/mcguigan-zero-alcohol-free-chardonnay
92859,Vittoria Italian Nespresso Compatible Coffee Capsules Pack 20,$13.00,$0.65 / 1EA,/shop/productdetails/92859/vittoria-italian-nespresso-compatible-coffee-capsules
59110,Remedy Switchel Blood Orange Cans 250ml X4 Pack,$6.00,$6.00 / 1L,/shop/productdetails/59110/remedy-switchel-blood-orange-cans
46127,Jarrah Classic Hot Chocolate 10 Pack,$7.00,$0.70 / 1EA,/shop/productdetails/46127/jarrah-classic-hot-chocolate-sachets
739869,Mildura Orange & Mango Fruit Drink 3l,$5.00,$1.67 / 1L,/shop/productdetails/739869/mildura-orange-mango-fruit-drink
789358,Woolworths Skim Milk Powder 1kg,$10.00,$1.00 / 100G,/shop/productdetails/789358/woolworths-skim-milk-powder
153170,Minor Figures Minor Figures Barista Oat Uht Milk 1l,$4.80,$4.80 / 1L,/shop/productdetails/153170/minor-figures-barista-oat-uht-milk
406577,Nudie Nothing But Orange Juice 3l,$11.00,$3.67 / 1L,/shop/productdetails/406577/nudie-nothing-but-orange-juice
190802,"Nudie Antioxidant Carrot, Tumeric, Orange, Apple & Lime 1l",$6.00,$6.00 / 1L,/shop/productdetails/190802/nudie-antioxidant-carrot-tumeric-orange-apple-lime
174914,Moccona Coffee Sachets Cappuccino 10 Pack,$3.50,$0.35 / 1EA,/shop/productdetails/174914/moccona-coffee-sachets-cappuccino
226106,Nescafe Coffee Sachets Mocha 10 Pack,$7.60,$0.76 / 1EA,/shop/productdetails/226106/nescafe-coffee-sachets-mocha-mocha
155697,Starbucks By Nescafe Dolce Gusto Caffe Latte 121g,$10.00,$0.83 / 1EA,/shop/productdetails/155697/starbucks-by-nescafe-dolce-gusto-caffe-latte
38078,Moccona Freeze Dried Instant Coffee Classic Medium Roast 100g,$11.50,$11.50 / 100G,/shop/productdetails/38078/moccona-freeze-dried-instant-coffee-classic-medium-roast
151917,Nestle Carnation Light & Creamy Evaporated Milk 340ml,$3.00,$8.82 / 1L,/shop/productdetails/151917/nestle-carnation-light-creamy-evaporated-milk
662367,Remedy Organic Kombucha Ginger Lemon 750ml,$5.00,$6.67 / 1L,/shop/productdetails/662367/remedy-organic-kombucha-ginger-lemon
106509,Australia's Own Barista Macadamia Milk 1l,$4.00,$4.00 / 1L,/shop/productdetails/106509/australia-s-own-barista-macadamia-milk
676160,Coca - Cola Vanilla  Soft Drink Multipack Cans 375ml X 10 Pack,$16.10,$4.29 / 1L,/shop/productdetails/676160/coca-cola-vanilla-soft-drink-multipack-cans
886806,Bundaberg Burgundee Creaming Soda 375ml X4 Pack,$7.00,$4.67 / 1L,/shop/productdetails/886806/bundaberg-burgundee-creaming-soda
67060,Golden Circle Apple Juice No Added Sugar Fruit Juice 2l,$4.80,$2.40 / 1L,/shop/productdetails/67060/golden-circle-apple-juice-no-added-sugar-fruit-juice
230840,Pepsi Max Bottles 450ml X12 Pack,$20.00,$3.70 / 1L,/shop/productdetails/230840/pepsi-max-bottles
442190,Pepsi Max Cans 10x375ml,$9.90,$2.64 / 1L,/shop/productdetails/442190/pepsi-max-cans
178416,Kirks Sugar Free Pasito Soft Cans 375ml X10 Pack,$7.80,$2.08 / 1L,/shop/productdetails/178416/kirks-sugar-free-pasito-soft-cans-bottle
708119,Monster Energy Juice Mango Loco 500ml X4 Pack,$14.45,$7.23 / 1L,/shop/productdetails/708119/monster-energy-juice-mango-loco
228523,Lipton Quality Black Leaf Tea Intense 100 Pack,$5.00,$0.05 / 1EA,/shop/productdetails/228523/lipton-quality-black-leaf-tea-intense
743186,Evian Natural Mineral Water 1l,$4.30,$4.30 / 1L,/shop/productdetails/743186/evian-natural-mineral-water
65701,Madura Earl Grey Tea Bags 50 Pack 100g,$5.45,$0.11 / 1EA,/shop/productdetails/65701/madura-earl-grey-tea-bags
22780,Nescafe Coffee Sachets Decaf Cappuccino 10 Pack,$7.60,$0.76 / 1EA,/shop/productdetails/22780/nescafe-coffee-sachets-decaf-cappuccino
93095,Vittoria Black Valley Nespresso Compatible Coffee Capsules Pack 10,$5.50,$0.55 / 1EA,/shop/productdetails/93095/vittoria-black-valley-nespresso-compatible-coffee-capsules
32748,Golden Circle Pineapple Juice Sweetened Fruit Juice Pineapples 1l,$2.70,$2.70 / 1L,/shop/productdetails/32748/golden-circle-pineapple-juice-sweetened-fruit-juice-pineapples
225304,Saxbys Diet Ginger Beer 4x375ml,$5.40,$3.60 / 1L,/shop/productdetails/225304/saxbys-diet-ginger-beer
200224,Dilmah Family Pack Loose Leaf Tea 500g,$9.00,$1.80 / 100G,/shop/productdetails/200224/dilmah-family-pack-loose-leaf-tea
254408,Dilmah Tea Bags 300 Pack,$14.50,$0.05 / 1EA,/shop/productdetails/254408/dilmah-tea-bags
52547,Kirks Ginger Beer Soft Drink Bottle 1.25l,$1.75,$1.40 / 1L,/shop/productdetails/52547/kirks-ginger-beer-soft-drink-bottle
317793,Lipton Ice Tea Mango 1.5l,$3.00,$2.00 / 1L,/shop/productdetails/317793/lipton-ice-tea-mango
102336,Bae Juice 100% Korean Pear Juice 120ml,$4.00,$33.33 / 1L,/shop/productdetails/102336/bae-juice-100-korean-pear-juice
33817,Lipton Quality Tips Loose Leaf Tea 250g,$3.75,$1.50 / 100G,/shop/productdetails/33817/lipton-quality-tips-loose-leaf-tea
886812,Bundaberg Sparkling Guava Sparkling Drink 375ml X4 Pack,$7.00,$4.67 / 1L,/shop/productdetails/886812/bundaberg-sparkling-guava-sparkling-drink
229954,Strangelove Salted Grapefruit 540ml,$5.60,$10.37 / 1L,/shop/productdetails/229954/strangelove-salted-grapefruit
93045,Vittoria Ristretto Nespresso Compatible Coffee Capsules Pack 10,$5.50,$0.55 / 1EA,/shop/productdetails/93045/vittoria-ristretto-nespresso-compatible-coffee-capsules
220969,Red Bull Energy Drink Sugar Free Cans 8 X250ml,$15.50,$7.75 / 1L,/shop/productdetails/220969/red-bull-energy-drink-sugar-free-cans
143253,Monster Energy Ultra Rosa Multipack Cans 500ml X4 Pack,$14.45,$7.23 / 1L,/shop/productdetails/143253/monster-energy-ultra-rosa-multipack-cans
656131,Twinings English Breakfast Extra Strong Tea Bags 40 Pack,$7.00,$0.18 / 1EA,/shop/productdetails/656131/twinings-english-breakfast-extra-strong-tea-bags
152303,Gatorade No Sugar Orange 600ml,$4.00,$6.67 / 1L,/shop/productdetails/152303/gatorade-no-sugar-orange
300888,Nescafe Tim Tam Dark Chocolate Mocha Coffee Sachets 8 Pack,$5.50,$0.69 / 1EA,/shop/productdetails/300888/nescafe-tim-tam-dark-chocolate-mocha-coffee-sachets
359119,Nudie 100% Apple Juice 2l,$8.00,$4.00 / 1L,/shop/productdetails/359119/nudie-100-apple-juice
40448,Golden Circle Fruit Cup Cordial Pineapple Drink Cordials 2l,$5.00,$2.50 / 1L,/shop/productdetails/40448/golden-circle-fruit-cup-cordial-pineapple-drink-cordials
160239,Cottee's Cordial Zero Sugar Coola Lime 1l,$5.90,$5.90 / 1L,/shop/productdetails/160239/cottee-s-cordial-zero-sugar-coola-lime
33835,Nescafe Blend 43 Instant Coffee Jar 150g,$11.50,$7.67 / 100G,/shop/productdetails/33835/nescafe-blend-43-instant-coffee-jar
262434,Tetley Decaffeinated Green Tea Bags 50 Pack,$4.70,$0.09 / 1EA,/shop/productdetails/262434/tetley-decaffeinated-green-tea-bags
875163,Nestle Milo 30% Less Added Sugar 395g,$9.40,$2.38 / 100G,/shop/productdetails/875163/nestle-milo-30-less-added-sugar
124742,Remedy Kombucha Wild Berry 750ml,$5.00,$6.67 / 1L,/shop/productdetails/124742/remedy-kombucha-wild-berry
174912,Remedy Energy With Caffeine Berry Shot 60ml,$3.50,$58.33 / 1L,/shop/productdetails/174912/remedy-energy-with-caffeine-berry-shot
43476,Golden Circle Cordials Raspberry Cordial 2l,$5.00,$2.50 / 1L,/shop/productdetails/43476/golden-circle-cordials-raspberry-cordial
331936,V Energy Drink 500ml X4 Pack,$16.00,$8.00 / 1L,/shop/productdetails/331936/v-energy-drink
294326,Diet Rite Soft Drink Grape Portello Bottle 1.25l,$1.55,$1.24 / 1L,/shop/productdetails/294326/diet-rite-soft-drink-grape-portello-bottle
226591,Twinings Live Well Defence Tea Bags 20 Pack,$4.25,$0.21 / 1EA,/shop/productdetails/226591/twinings-live-well-defence-tea-bags
139864,V Energy Energy Drink 250ml,$2.50,$10.00 / 1L,/shop/productdetails/139864/v-energy-energy-drink
33890,Nesquik Strawberry Flavour 250g,$3.50,$1.40 / 100G,/shop/productdetails/33890/nesquik-strawberry-flavour
17950,Essentials Instant Coffee Granulated 200g,$3.70,$1.85 / 100G,/shop/productdetails/17950/essentials-instant-coffee-granulated
109361,Australia's Own Full Cream Long Life Milk 200ml X6 Pack,$4.00,$3.33 / 1L,/shop/productdetails/109361/australia-s-own-full-cream-long-life-milk
574781,Diet Rite Cordial Lime 1l,$3.50,$3.50 / 1L,/shop/productdetails/574781/diet-rite-cordial-lime
226199,Twinings Live Well Digest Tea Bags 22 Pack,$4.25,$0.19 / 1EA,/shop/productdetails/226199/twinings-live-well-digest-tea-bags
36298,Bickford's Lime Cordial 750ml,$4.00,$5.33 / 1L,/shop/productdetails/36298/bickford-s-lime-cordial
190931,Cottee's Zero Sugar Apple Raspberry 1l,$5.90,$5.90 / 1L,/shop/productdetails/190931/cottee-s-zero-sugar-apple-raspberry
139463,Daily Juice Pulp Free Orange Juice No Added Sugar 3l,$7.00,$2.33 / 1L,/shop/productdetails/139463/daily-juice-pulp-free-orange-juice-no-added-sugar
272321,Australia's Own Barista Soy Milk 1l,$3.50,$3.50 / 1L,/shop/productdetails/272321/australia-s-own-barista-soy-milk
791769,Madame Flavour Lemongrass Lime & Ginger Tea Pods 18 Pack,$7.00,$0.39 / 1EA,/shop/productdetails/791769/madame-flavour-lemongrass-lime-ginger-tea-pods
729764,V Energy Blue 250mlx 4,$8.00,$8.00 / 1L,/shop/productdetails/729764/v-energy-blue
347032,Woolworths Freeze Dried Coffee Original 100g,$4.00,$4.00 / 100G,/shop/productdetails/347032/woolworths-freeze-dried-coffee-original
317387,Kirks Creaming Soda Soft Drink Multipack Cans 375ml X10 Pack,$7.80,$2.08 / 1L,/shop/productdetails/317387/kirks-creaming-soda-soft-drink-multipack-cans
13159,Saxbys Ginger Beer 750ml,$2.65,$3.53 / 1L,/shop/productdetails/13159/saxbys-ginger-beer
739660,Mildura Orange & Passionfruit Fruit Drink 3l,$5.00,$1.67 / 1L,/shop/productdetails/739660/mildura-orange-passionfruit-fruit-drink
30568,Billy Tea Campfire Brew Tea Bags 100 Pack,$3.75,$0.04 / 1EA,/shop/productdetails/30568/billy-tea-campfire-brew-tea-bags
101333,Impressed Pressed Juice Green Supreme 1l,$4.00,$4.00 / 1L,/shop/productdetails/101333/impressed-pressed-juice-green-supreme
33889,Nesquik Chocolate 500g,$6.50,$1.30 / 100G,/shop/productdetails/33889/nesquik-chocolate
760280,Mount Franklin Mineral Water Lightly Sparkling Lime Bottle 450ml,$3.10,$6.89 / 1L,/shop/productdetails/760280/mount-franklin-mineral-water-lightly-sparkling-lime-bottle
317388,Kirks Sugar Free Lemon Squash Soft Drink Multipack Cans 375ml X10 Pack,$7.80,$2.08 / 1L,/shop/productdetails/317388/kirks-sugar-free-lemon-squash-soft-drink-multipack-cans
549613,Nescafe Coffee Sachets Caramel Latte 26 Pack,$11.00,$0.42 / 1EA,/shop/productdetails/549613/nescafe-coffee-sachets-caramel-latte-caramel-latte
195827,V Energy Energy Drink Sugar Free With Guarana 250ml,$2.50,$10.00 / 1L,/shop/productdetails/195827/v-energy-energy-drink-sugar-free-with-guarana
255360,Diet Rite Soft Drink Passionfruit Bottle 1.25l,$1.55,$1.24 / 1L,/shop/productdetails/255360/diet-rite-soft-drink-passionfruit-bottle
42861,Twinings Russian Caravan Loose Leaf Tea 125g,$6.50,$5.20 / 100G,/shop/productdetails/42861/twinings-russian-caravan-loose-leaf-tea
92148,Vittoria Mountain Grown Nespresso Compatible Coffee Capsules Pack 10,$5.50,$0.55 / 1EA,/shop/productdetails/92148/vittoria-mountain-grown-nespresso-compatible-coffee-capsules
426222,Ito En Matcha Green Tea Traditional 20 Pack,$6.00,$0.30 / 1EA,/shop/productdetails/426222/ito-en-matcha-green-tea-traditional
691317,Bickford's Raspberry Cordial 750ml,$4.00,$5.33 / 1L,/shop/productdetails/691317/bickford-s-raspberry-cordial
700475,Devondale Moo Chocolate Milk 6x200ml,$6.60,$5.50 / 1L,/shop/productdetails/700475/devondale-moo-chocolate-milk
42348,Jarrah Hot Chocolate 285g,$8.50,$2.98 / 100G,/shop/productdetails/42348/jarrah-hot-chocolate-drinking-chocolate
175028,Moccona Coffee Sachets Caramel Latte 10 Pack,$3.50,$0.35 / 1EA,/shop/productdetails/175028/moccona-coffee-sachets-caramel-latte
116549,Lipton Peach Iced Tea Sachets 20 Pack,$6.50,$0.33 / 1EA,/shop/productdetails/116549/lipton-peach-iced-tea-sachets
37861,Prima No Added Sugar Drink Apple Blackcurrant 6 X200ml,$3.60,$3.00 / 1L,/shop/productdetails/37861/prima-no-added-sugar-drink-apple-blackcurrant
277627,Staminade Hydrate Electrolyte Powder Orange 585g,$10.80,$1.85 / 100G,/shop/productdetails/277627/staminade-hydrate-electrolyte-powder-orange
694353,Woolworths Hot Chocolate 10 Pack,N/A,N/A,/shop/productdetails/694353/woolworths-hot-chocolate
92399,Vittoria Valentina Nespresso Compatible Coffee Capsules Pack 10,$5.50,$0.55 / 1EA,/shop/productdetails/92399/vittoria-valentina-nespresso-compatible-coffee-capsules
172439,H2coco Pure Coconut Water 2l,$6.00,$3.00 / 1L,/shop/productdetails/172439/h2coco-pure-coconut-water
174190,Moccona Coffee Sachets Strong Cappuccino 10 Pack,$3.50,$0.35 / 1EA,/shop/productdetails/174190/moccona-coffee-sachets-strong-cappuccino
221774,Coca - Cola Vanilla Zero Sugar Soft Drink Mini Bottles 12 X 300ml,$10.10,$2.81 / 1L,/shop/productdetails/221774/coca-cola-vanilla-zero-sugar-soft-drink-mini-bottles
114632,Red Bull Energy Drink 250ml,$3.10,$12.40 / 1L,/shop/productdetails/114632/red-bull-energy-drink
232073,Shine Naturally Zero Sugar Peach Passionfruit Nootropic Cans 4 X250ml,$7.75,$7.75 / 1L,/shop/productdetails/232073/shine-naturally-zero-sugar-peach-passionfruit-nootropic-cans
225618,Twinings Live Well Focus Tea Bags 22 Pack,$4.25,$0.19 / 1EA,/shop/productdetails/225618/twinings-live-well-focus-tea-bags
324461,Mother Energy Drink Original Multipack Cans 500ml X4 Pack,$7.15,$3.58 / 1L,/shop/productdetails/324461/mother-energy-drink-original-multipack-cans
762923,Pukka Organic Herbal Tea Collection 20 Pack,$8.25,$0.41 / 1EA,/shop/productdetails/762923/pukka-organic-herbal-tea-collection
294612,Remedy Sodaly Blood Orange 4 X 250ml,$8.00,$8.00 / 1L,/shop/productdetails/294612/remedy-sodaly-blood-orange
245582,Coca - Cola Diet Soft Drink Mini Cans 250ml X 6 Pack,$9.20,$6.13 / 1L,/shop/productdetails/245582/coca-cola-diet-soft-drink-mini-cans
308449,Madame Flavour Green Jasmine & Pear Tea Pods 18 Pack,$7.00,$0.39 / 1EA,/shop/productdetails/308449/madame-flavour-green-jasmine-pear-tea-pods
41859,Twinings Earl Grey Loose Leaf Tea 125g,$6.50,$5.20 / 100G,/shop/productdetails/41859/twinings-earl-grey-loose-leaf-tea-loose-leaf-tea
223815,Gatorade No Sugar Lemon Lime 600ml,$4.00,$6.67 / 1L,/shop/productdetails/223815/gatorade-no-sugar-lemon-lime
92327,L'or Espresso Supremo Coffee Capsules 20 Pack,$10.00,$0.50 / 1EA,/shop/productdetails/92327/l-or-espresso-supremo-coffee-capsules
6232,L'or Espresso Ristretto Coffee Capsules 40 Pack,$22.00,$0.55 / 1EA,/shop/productdetails/6232/l-or-espresso-ristretto-coffee-capsules
228006,V Energy Refresh Pineapple & Watermelon Zero Sugar Can 250ml,$2.50,$10.00 / 1L,/shop/productdetails/228006/v-energy-refresh-pineapple-watermelon-zero-sugar-can
87040,Lipton Black Tea Decaffeinated 50 Pack,$5.20,$0.10 / 1EA,/shop/productdetails/87040/lipton-black-tea-decaffeinated
549623,Nescafe Coffee Sachets Vanilla 26 Pack,$11.00,$0.42 / 1EA,/shop/productdetails/549623/nescafe-coffee-sachets-vanilla-vanilla
174412,V Energy Sugarfree Blue Guarana Energy Drink 250mlx 4pack,$8.00,$8.00 / 1L,/shop/productdetails/174412/v-energy-sugarfree-blue-guarana-energy-drink
884260,Bundaberg Lemon Lime & Bitters 375ml X4 Pack,$7.00,$4.67 / 1L,/shop/productdetails/884260/bundaberg-lemon-lime-bitters
221228,Lipton No Sugar Lemon Flavour Iced Tea 1.5l,$3.00,$2.00 / 1L,/shop/productdetails/221228/lipton-no-sugar-lemon-flavour-iced-tea
671437,Remedy Organic Kombucha Raspberry Lemonade 750ml,$5.00,$6.67 / 1L,/shop/productdetails/671437/remedy-organic-kombucha-raspberry-lemonade
434919,Woolworths Nespresso Compatible Coffee Capsules Intense 10 Pack,$3.80,$0.38 / 1EA,/shop/productdetails/434919/woolworths-nespresso-compatible-coffee-capsules-intense
47193,Daily Juice Apple Juice No Added Sugar 2l,$5.00,$2.50 / 1L,/shop/productdetails/47193/daily-juice-apple-juice-no-added-sugar
262437,Twinings Pure Green Tea Bags 50 Pack,$7.00,$0.14 / 1EA,/shop/productdetails/262437/twinings-pure-green-tea-bags-bags
362445,Cottee's Cordial Lime Coola 1l,$5.90,$5.90 / 1L,/shop/productdetails/362445/cottee-s-cordial-lime-coola
81540,Woolworths 100% Cloudy Pear Juice 1l,$4.50,$4.50 / 1L,/shop/productdetails/81540/woolworths-100-cloudy-pear-juice
272150,Australia's Own Barista Oat Milk 1l,$4.00,$4.00 / 1L,/shop/productdetails/272150/australia-s-own-barista-oat-milk
46667,Bickford's Tropical Cordial 750ml,$4.00,$5.33 / 1L,/shop/productdetails/46667/bickford-s-tropical-cordial
24833,Madura Premium Blend Tea Bags 50 Pack 100g,$5.45,$0.11 / 1EA,/shop/productdetails/24833/madura-premium-blend-tea-bags
534560,Golden Circle Drinks Apple Splash Fruit Drink 1l,$2.70,$2.70 / 1L,/shop/productdetails/534560/golden-circle-drinks-apple-splash-fruit-drink
886808,Bundaberg Diet Ginger Beer 375ml X4 Pack,$7.00,$4.67 / 1L,/shop/productdetails/886808/bundaberg-diet-ginger-beer
808867,Pureharvest Almond Quench 1l,$3.50,$3.50 / 1L,/shop/productdetails/808867/pureharvest-almond-quench
157316,Vittoria Coffee Bags Espresso 20 Pack,$12.50,$0.63 / 1EA,/shop/productdetails/157316/vittoria-coffee-bags-espresso
221011,Fanta Orange Zero Sugar Soft Drink Bottles 300ml X 12 Pack,$10.10,$2.81 / 1L,/shop/productdetails/221011/fanta-orange-zero-sugar-soft-drink-bottles
852407,Woolworths Orange Drink 2l,$2.30,$1.15 / 1L,/shop/productdetails/852407/woolworths-orange-drink
711676,Daily Juice Orange Juice Pulp Free 500ml,$2.80,$5.60 / 1L,/shop/productdetails/711676/daily-juice-orange-juice-pulp-free
245069,Fanta Orange Soft Drink Mini Cans 250ml X 6 Pack,$9.20,$6.13 / 1L,/shop/productdetails/245069/fanta-orange-soft-drink-mini-cans
692623,Avalanche Hot Chocolate 10 Pack,$5.50,$2.75 / 100G,/shop/productdetails/692623/avalanche-hot-chocolate
193645,Bickford's Lemon Cordial 750ml,$4.00,$5.33 / 1L,/shop/productdetails/193645/bickford-s-lemon-cordial
601864,Almond Breeze Barista Blend Blue Diamond 1l,$3.50,$3.50 / 1L,/shop/productdetails/601864/almond-breeze-barista-blend-blue-diamond
739970,Nudie Nothing But Oranges With Pulp 1l,$5.00,$5.00 / 1L,/shop/productdetails/739970/nudie-nothing-but-oranges-with-pulp
43474,Golden Circle Cordials Lime Cordial 2l,$5.00,$2.50 / 1L,/shop/productdetails/43474/golden-circle-cordials-lime-cordial
315784,Just Juice Orange Juice 6x200ml,$5.80,$4.83 / 1L,/shop/productdetails/315784/just-juice-orange-juice
442169,Mountain Dew Soft Drink Cans 375ml X10 Pack,$9.90,$2.64 / 1L,/shop/productdetails/442169/mountain-dew-soft-drink-cans
886838,Bundaberg Diet Ginger Beer 375ml X10 Pack,$12.00,$3.20 / 1L,/shop/productdetails/886838/bundaberg-diet-ginger-beer
65513,Impressed Pressed Juice Orange With Pulp 1l,$4.00,$4.00 / 1L,/shop/productdetails/65513/impressed-pressed-juice-orange-with-pulp
880873,Ocean Spray Low Sugar Cranberry Classic Juice Drink 1.5l,$5.00,$3.33 / 1L,/shop/productdetails/880873/ocean-spray-low-sugar-cranberry-classic-juice-drink
341058,Lipton Ice Tea Raspberry 1.5l,$3.00,$2.00 / 1L,/shop/productdetails/341058/lipton-ice-tea-raspberry
210290,Tetley Green Tea Bags 100 Pack,$7.30,$0.07 / 1EA,/shop/productdetails/210290/tetley-green-tea-bags
679135,Red Bull Energy Drink 473ml X4 Pack,$18.00,$9.51 / 1L,/shop/productdetails/679135/red-bull-energy-drink
361734,Monster Energy Green Multipack Cans 500ml X4 Pack,$14.45,$7.23 / 1L,/shop/productdetails/361734/monster-energy-green-multipack-cans
549624,Nescafe Coffee Sachets Strong Cappuccino 26 Pack,$11.00,$0.42 / 1EA,/shop/productdetails/549624/nescafe-coffee-sachets-strong-cappuccino
174473,Rockstar Energy Drink Juiced El Mango 500ml,$2.70,$5.40 / 1L,/shop/productdetails/174473/rockstar-energy-drink-juiced-el-mango
225298,Saxbys Ginger Beer 375ml X4 Pack,$5.40,$3.60 / 1L,/shop/productdetails/225298/saxbys-ginger-beer
80569,Woolworths 100% Prune Juice 1l,$4.50,$4.50 / 1L,/shop/productdetails/80569/woolworths-100-prune-juice
65620,Impressed Pressed Juice Tropical Breakfast Juice 1l,$4.00,$4.00 / 1L,/shop/productdetails/65620/impressed-pressed-juice-tropical-breakfast-juice
178822,Kirks Sugar Free Pasito Soft Drink Bottle 1.25l,$1.75,$1.40 / 1L,/shop/productdetails/178822/kirks-sugar-free-pasito-soft-drink-bottle
482845,Sunraysia Juice Pomegranate 1l,$6.50,$6.50 / 1L,/shop/productdetails/482845/sunraysia-juice-pomegranate
320237,Arkadia Chai Tea Vanilla 240g,N/A,N/A,/shop/productdetails/320237/arkadia-chai-tea-vanilla
878734,Oak Chocolate Flavoured Milk 3x250ml,$4.35,$5.80 / 1L,/shop/productdetails/878734/oak-chocolate-flavoured-milk
704003,Maximus Sports Drink Grape Flavour 1l,$2.65,$2.65 / 1L,/shop/productdetails/704003/maximus-sports-drink-grape-flavour
7556,Golden Circle Golden Pash Fruit Drink 1l,$2.70,$2.70 / 1L,/shop/productdetails/7556/golden-circle-golden-pash-fruit-drink
434918,Woolworths Nespresso Compatible Coffee Capsules Strong 10 Pack,$3.80,$0.38 / 1EA,/shop/productdetails/434918/woolworths-nespresso-compatible-coffee-capsules-strong
571601,Remedy Kombucha Ginger Lemon 330ml,$2.70,$8.18 / 1L,/shop/productdetails/571601/remedy-kombucha-ginger-lemon
39208,Diet Rite Multi Fruits Cordial 1l,$3.50,$3.50 / 1L,/shop/productdetails/39208/diet-rite-multi-fruits-cordial
61649,Maximus Mango Passionfruit Drink 1l,$2.65,$2.65 / 1L,/shop/productdetails/61649/maximus-mango-passionfruit-drink
183861,Nature's Cuppa Organic Ceylon Premium Tea Bags 120 Pack,$12.00,$0.10 / 1EA,/shop/productdetails/183861/nature-s-cuppa-organic-ceylon-premium-tea-bags
264936,Golden Circle Cordials Apple Raspberry Cordial 2l,$5.00,$2.50 / 1L,/shop/productdetails/264936/golden-circle-cordials-apple-raspberry-cordial
701518,Nudie 100% Orange Juice 400ml,$3.90,$9.75 / 1L,/shop/productdetails/701518/nudie-100-orange-juice
852420,Woolworths Orange Juice 3l,$4.20,$1.40 / 1L,/shop/productdetails/852420/woolworths-orange-juice
207328,A2 Milk Full Cream Uht Milk 1l,$3.50,$3.50 / 1L,/shop/productdetails/207328/a2-milk-full-cream-uht-milk
115795,Nescafe Coffee Sachets 98% Sugar Free Caramel Latte 10 Pack,$7.60,$0.76 / 1EA,/shop/productdetails/115795/nescafe-coffee-sachets-98-sugar-free-caramel-latte
157685,Vittoria Coffee Bags Italian 20 Pack,$12.50,$0.63 / 1EA,/shop/productdetails/157685/vittoria-coffee-bags-italian
182985,Wolf Blass Zero Shiraz 750ml,$13.50,,/shop/productdetails/182985/wolf-blass-zero-shiraz
226882,Twinings Live Well Cleanse Tea Bags 18 Pack,$4.25,$0.24 / 1EA,/shop/productdetails/226882/twinings-live-well-cleanse-tea-bags
201688,Lipton Ice Tea Lemon 500ml,$3.00,$6.00 / 1L,/shop/productdetails/201688/lipton-ice-tea-lemon
89853,Twinings Pure Peppermint Tea Bags 40 Pack,$7.00,$0.18 / 1EA,/shop/productdetails/89853/twinings-pure-peppermint-tea-bags
700482,Golden Circle Fruit Drinks Lunch Box Poppers Multipack Pineapple Burst 250ml X6 Pack,$5.10,$3.40 / 1L,/shop/productdetails/700482/golden-circle-fruit-drinks-lunch-box-poppers-multipack-pineapple-burst
243692,Fanta Raspberry Zero Sugar Soft Drink Mini Cans 250ml X 6 Pack,$9.20,$6.13 / 1L,/shop/productdetails/243692/fanta-raspberry-zero-sugar-soft-drink-mini-cans
186699,H2juice Pineapple 1.25l,$4.00,$3.20 / 1L,/shop/productdetails/186699/h2juice-pineapple
229030,Daily Juice Breakfast A C & E Juice 2l,$5.00,$2.50 / 1L,/shop/productdetails/229030/daily-juice-breakfast-a-c-e-juice
230626,Shine Naturally Zero Sugar Blueberry Lemonade Energy Nootropic Cans 4 X250ml,$7.75,$7.75 / 1L,/shop/productdetails/230626/shine-naturally-zero-sugar-blueberry-lemonade-energy-nootropic-cans
793278,Coca - Cola Diet Soft Drink Multipack Cans 375ml X 10 Pack,$16.10,$4.29 / 1L,/shop/productdetails/793278/coca-cola-diet-soft-drink-multipack-cans
92553,Harris Coffee Beans Smooth 1kg,$26.00,$2.60 / 100G,/shop/productdetails/92553/harris-coffee-beans-smooth
26506,Bundaberg Ginger Beer 750ml,$3.55,$4.73 / 1L,/shop/productdetails/26506/bundaberg-ginger-beer
171712,So Good High Protein Almond 1l,$3.40,$3.40 / 1L,/shop/productdetails/171712/so-good-high-protein-almond
49045,Bickford's Prune Juice 1l,$6.50,$6.50 / 1L,/shop/productdetails/49045/bickford-s-prune-juice
115138,Nescafe Coffee Sachets 98% Sugar Free Latte 10 Pack,$7.60,$0.76 / 1EA,/shop/productdetails/115138/nescafe-coffee-sachets-98-sugar-free-latte
157464,Vittoria Coffee Bags Mountain Grown 20 Pack,$12.50,$0.63 / 1EA,/shop/productdetails/157464/vittoria-coffee-bags-mountain-grown
687778,L'or Lungo Profondo Coffee Capsules 20 Pack,$10.00,$0.50 / 1EA,/shop/productdetails/687778/l-or-lungo-profondo-coffee-capsules
688226,Macro Organic Coconut Water 1l,$6.00,$6.00 / 1L,/shop/productdetails/688226/macro-organic-coconut-water
32182,Vittoria Espressotoria Maragogype Coffee Capsules 12 Pack,$6.00,$0.50 / 1EA,/shop/productdetails/32182/vittoria-espressotoria-maragogype-coffee-capsules
290344,Coca - Cola Zero Sugar Glass Bottle 330ml X 4 Pack,$8.70,$6.59 / 1L,/shop/productdetails/290344/coca-cola-zero-sugar-glass-bottle
770266,Maximus Blue Bring It On 1l,$2.65,$2.65 / 1L,/shop/productdetails/770266/maximus-blue-bring-it-on
801323,Bundaberg Traditional Lemonade 4x375ml 4x375ml,$7.00,$4.67 / 1L,/shop/productdetails/801323/bundaberg-traditional-lemonade-4x375ml
308641,Nature's Cuppa Organic Spice Chai Tea Bags 50 Pack,$6.00,$0.12 / 1EA,/shop/productdetails/308641/nature-s-cuppa-organic-spice-chai-tea-bags
700504,Bickford's Super Berry Juice 1l,$6.50,$6.50 / 1L,/shop/productdetails/700504/bickford-s-super-berry-juice
221078,Tru Blu Pub Squash Lemon Soda Squash Cans 12 X375ml,$8.75,$1.94 / 1L,/shop/productdetails/221078/tru-blu-pub-squash-lemon-soda-squash-cans
765676,Sunraysia Prune Juice 1l,$6.50,$6.50 / 1L,/shop/productdetails/765676/sunraysia-prune-juice
117141,V Energy Green 330ml X6 Pack,$12.50,$6.31 / 1L,/shop/productdetails/117141/v-energy-green
331819,Bickford's Lemon & Lime Bitters Cordial 750ml,$4.00,$5.33 / 1L,/shop/productdetails/331819/bickford-s-lemon-lime-bitters-cordial
89993,Remedy Organic Kombucha Peach 750ml,$5.00,$6.67 / 1L,/shop/productdetails/89993/remedy-organic-kombucha-peach
159991,Cottee's Cordial Zero Sugar Raspberry 1l,$5.90,$5.90 / 1L,/shop/productdetails/159991/cottee-s-cordial-zero-sugar-raspberry
793232,Juice Country Orange & Mango Concentrate 500ml,$1.10,$2.20 / 1L,/shop/productdetails/793232/juice-country-orange-mango-concentrate
716767,Nudie Nothing But Breakfast Juice 2l,$8.00,$4.00 / 1L,/shop/productdetails/716767/nudie-nothing-but-breakfast-juice
282425,Bubly Sparkling Water With Passionfruit Multipack Cans 375ml X 8 Pack,$8.25,$2.75 / 1L,/shop/productdetails/282425/asahi-beverages-pty-ltd-bubly-sparkling-water-with-passionfruit-multipack-cans
37942,Prima No Added Sugar Drink Tropical 6 X200ml,$3.60,$3.00 / 1L,/shop/productdetails/37942/prima-no-added-sugar-drink-tropical
33811,Bushells Lan Choo Loose Leaf Tea 250g,$3.60,$1.44 / 100G,/shop/productdetails/33811/bushells-lan-choo-loose-leaf-tea
40895,Pepsi Light Caffeine Free Bottle 1.25l,$1.80,$1.44 / 1L,/shop/productdetails/40895/pepsi-light-caffeine-free-bottle
291865,Solo Zero Sugar Mini Cans 275ml X 6 Pack,$9.00,$5.45 / 1L,/shop/productdetails/291865/solo-zero-sugar-mini-cans
721421,Living Planet Uht Goats Milk 1l,$4.70,$4.70 / 1L,/shop/productdetails/721421/living-planet-uht-goats-milk
15720,Golden Circle Fruit Drinks Mango Nectar 2l,$4.90,$2.45 / 1L,/shop/productdetails/15720/golden-circle-fruit-drinks-mango-nectar-fruit-drink
687776,L'or Espresso Onyx Coffee Capsules 20 Pack,$10.00,$0.50 / 1EA,/shop/productdetails/687776/l-or-espresso-onyx-coffee-capsules
275018,Monster Energy Ultra Gold Cans 500ml X 4 Pack,$14.45,$7.23 / 1L,/shop/productdetails/275018/monster-energy-ultra-gold-cans
59722,Woolworths No Added Sugar Tomato Juice 1l,$2.10,$2.10 / 1L,/shop/productdetails/59722/woolworths-no-added-sugar-tomato-juice
230136,Golden Circle Berry Burst Refreshers Popper Low Sugar Flavoured Water 250ml X6 Pack,$5.80,$3.87 / 1L,/shop/productdetails/230136/golden-circle-berry-burst-refreshers-popper-low-sugar-flavoured-water
603799,L'or Espresso Ristretto Coffee Capsule 10 Pack,$5.50,$0.55 / 1EA,/shop/productdetails/603799/l-or-espresso-ristretto-coffee-capsule
211639,Ocean Spray Cranberry Light Juice Drink 1.5l,$5.00,$3.33 / 1L,/shop/productdetails/211639/ocean-spray-cranberry-light-juice-drink
155618,Golden Circle Breakfast Juice No Added Sugar Pineapple Fruit Juice 2l,$4.80,$2.40 / 1L,/shop/productdetails/155618/golden-circle-breakfast-juice-no-added-sugar-pineapple-fruit-juice
346896,Republica Organic Instant Coffee 100% Pure Decaffeinated 100g,$11.00,$11.00 / 100G,/shop/productdetails/346896/republica-organic-instant-coffee-100-pure-decaffeinated
434917,Woolworths Nespresso Compatible Coffee Capsules Medium 10 Pack,$3.80,$0.38 / 1EA,/shop/productdetails/434917/woolworths-nespresso-compatible-coffee-capsules-medium
173945,Bundaberg Passionfruit Sparkling Drink 200ml X6 Pack,$5.80,$4.83 / 1L,/shop/productdetails/173945/bundaberg-passionfruit-sparkling-drink
174480,Moccona Coffee Sachets Latte 10 Pack,$3.50,$0.35 / 1EA,/shop/productdetails/174480/moccona-coffee-sachets-latte
82871,Bickford's Iced Coffee Syrup 500ml,$6.00,$1.20 / 100ML,/shop/productdetails/82871/bickford-s-iced-coffee-syrup
287016,Mount Franklin Lightly Sparkling Mineral Water Passionfruit 250ml X 6 Pack,$9.20,$6.13 / 1L,/shop/productdetails/287016/mount-franklin-lightly-sparkling-mineral-water-passionfruit
872606,Remedy Kombucha Ginger Lemon 1.25l,$6.00,$4.80 / 1L,/shop/productdetails/872606/remedy-kombucha-ginger-lemon
468559,Impressed Cold Pressed Juice Easy Greens 1l,$5.00,$5.00 / 1L,/shop/productdetails/468559/impressed-cold-pressed-juice-easy-greens
230816,Golden Circle Tropical Sunrise Refreshers Low Sugar Popper Flavour Water 250ml X6 Pack,$5.80,$3.87 / 1L,/shop/productdetails/230816/golden-circle-tropical-sunrise-refreshers-low-sugar-popper-flavour-water
362461,Cottee's Cordial Fruit Cup 1l,$5.90,$5.90 / 1L,/shop/productdetails/362461/cottee-s-cordial-fruit-cup
159190,Avalanche 99% Sugar Free Chai Latte 10 Pack,$5.50,$0.55 / 1EA,/shop/productdetails/159190/avalanche-99-sugar-free-chai-latte
91420,Vittoria Family Cup Nespresso Compatible Coffee Capsules Pack 10,$5.50,$0.55 / 1EA,/shop/productdetails/91420/vittoria-family-cup-nespresso-compatible-coffee-capsules
315780,Just Juice Apple & Blackcurrant Juice 6x200ml,$5.80,$4.83 / 1L,/shop/productdetails/315780/just-juice-apple-blackcurrant-juice
305554,Lindt Hot Chocolate Flakes Milk 210g,$8.00,$3.81 / 100G,/shop/productdetails/305554/lindt-hot-chocolate-flakes-milk
49275,Moccona Freeze Dried Instant Coffee Classic Decaffeinated 100g,$12.50,$12.50 / 100G,/shop/productdetails/49275/moccona-freeze-dried-instant-coffee-classic-decaffeinated
705699,V Energy Blue 500ml,$3.50,$7.00 / 1L,/shop/productdetails/705699/v-energy-blue
427868,Madura Organic English Breakfast Tea Bags 100ea,$12.00,$0.12 / 1EA,/shop/productdetails/427868/madura-organic-english-breakfast-tea-bags
687786,Moccona Barista Reserve Coffee Capsules Latte 12 10 Pack,$5.00,$0.50 / 1EA,/shop/productdetails/687786/moccona-barista-reserve-coffee-capsules-latte-12
149281,Pips Apple Raspberry Flavoured Cordial 1l,$2.20,$2.20 / 1L,/shop/productdetails/149281/pips-apple-raspberry-flavoured-cordial
623033,Coca - Cola Zero Sugar Soft Drink Bottle 600ml,$4.05,$6.75 / 1L,/shop/productdetails/623033/coca-cola-zero-sugar-soft-drink-bottle
684089,Diet Rite Lemon Lime Orange 1l,$3.50,$3.50 / 1L,/shop/productdetails/684089/diet-rite-lemon-lime-orange
59298,Spc Spc Pear Juice Can 850ml,$3.60,$4.24 / 1L,/shop/productdetails/59298/spc-pear-juice-can
124312,Monster Energy Ultra Rosa Can 500ml,$2.85,$5.70 / 1L,/shop/productdetails/124312/monster-energy-ultra-rosa-can
75396,Sunraysia Natural Prune Juice 250ml,$2.80,$11.20 / 1L,/shop/productdetails/75396/sunraysia-natural-prune-juice
6247,Moccona Ristretto 200g,$17.00,$8.50 / 100G,/shop/productdetails/6247/moccona-ristretto
228073,V Energy Refresh Citrus Lemonade Sugar Free Cans 250ml X4 Pack,$8.00,$8.00 / 1L,/shop/productdetails/228073/v-energy-refresh-citrus-lemonade-sugar-free-cans
797820,Pukka Night Time Tea Bags 20 Pack,$8.25,$0.41 / 1EA,/shop/productdetails/797820/pukka-night-time-tea-bags
150073,Pips Cordial Fruit Cup Crush Double Concentrate 1l,$2.20,$2.20 / 1L,/shop/productdetails/150073/pips-cordial-fruit-cup-crush-double-concentrate
184985,Twinings Asha Spiced Ginger Cardamom & Cinnamon Tea 18 Pack,$7.50,$0.42 / 1EA,/shop/productdetails/184985/twinings-asha-spiced-ginger-cardamom-cinnamon-tea
362446,Cottee's Cordial Raspberry 1l,$5.90,$5.90 / 1L,/shop/productdetails/362446/cottee-s-cordial-raspberry
244886,Fanta Orange Zero Sugar Soft Drink Mini Cans 250ml X 6 Pack,$9.20,$6.13 / 1L,/shop/productdetails/244886/fanta-orange-zero-sugar-soft-drink-mini-cans
554677,Lavazza A Modo Mio Delizioso Coffee Capsules 16 Pack,$7.50,$0.47 / 1EA,/shop/productdetails/554677/lavazza-a-modo-mio-delizioso-coffee-capsules
1073779093,Musashi Alpha 750 Ml Size Shaker Clear Red Each,$13.49,$1.80 / 100ML,/shop/productdetails/1073779093/musashi-alpha-750-ml-size-shaker-clear-red-each
986011,Heineken Alcohol Free Pure Malt Lager Bottles 330ml X6 Pack,$15.00,$7.58 / 1L,/shop/productdetails/986011/heineken-alcohol-free-pure-malt-lager-bottles
307864,Twinings English Breakfast Tea Bags Decaffeinated 80 Pack,$13.50,$0.17 / 1EA,/shop/productdetails/307864/twinings-english-breakfast-tea-bags-decaffeinated
248520,Moccona Freeze Dried Instant Coffee Classic Dark Roast 200g,$16.00,$8.00 / 100G,/shop/productdetails/248520/moccona-freeze-dried-instant-coffee-classic-dark-roast
229959,Vessel Spring Water 750ml,$4.95,$6.60 / 1L,/shop/productdetails/229959/vessel-spring-water
770293,Maximus Sports Drink Red 1l,$2.65,$2.65 / 1L,/shop/productdetails/770293/maximus-sports-drink-red
264715,Bickford's Peach Tea Cordial 750ml,$4.00,$5.33 / 1L,/shop/productdetails/264715/bickford-s-peach-tea-cordial
231302,Bundaberg Pink Grapefruit Sparkling Drink 200ml X6 Pack,$5.80,$4.83 / 1L,/shop/productdetails/231302/bundaberg-pink-grapefruit-sparkling-drink
808011,Nexba Mixed Berry Sugar-free Kombucha 330ml X 4 Pack,$6.90,$5.23 / 1L,/shop/productdetails/808011/nexba-mixed-berry-sugar-free-kombucha
122693,Suntory Boss Coffee Iced Long Black Cans 237ml X4 Pack,$12.60,$13.29 / 1L,/shop/productdetails/122693/suntory-boss-coffee-iced-long-black-cans
175685,Moccona Coffee Sachets Cappuccino 30 Pack,$12.00,$0.40 / 1EA,/shop/productdetails/175685/moccona-coffee-sachets-cappuccino
801811,Nudie Nothing But Oranges Pulp Free Juice 1l,$5.00,$5.00 / 1L,/shop/productdetails/801811/nudie-nothing-but-oranges-pulp-free-juice
175526,Moccona Coffee Sachets Vanilla Latte 10 Pack,$3.50,$0.35 / 1EA,/shop/productdetails/175526/moccona-coffee-sachets-vanilla-latte
30321,Madura Green Tea Bags 50 Pack 75g,$5.45,$0.11 / 1EA,/shop/productdetails/30321/madura-green-tea-bags
269088,Maximus Lemonade Ice Block Isotonic Sports Drink 1l,$2.65,$2.65 / 1L,/shop/productdetails/269088/maximus-lemonade-ice-block-isotonic-sports-drink
692561,Vittoria Italian Ground 500g,$13.00,$2.60 / 100G,/shop/productdetails/692561/vittoria-italian-ground
94606,Arkadia Chai Tea Low Sugar 240g,N/A,N/A,/shop/productdetails/94606/arkadia-chai-tea-low-sugar
159977,Original Juice Orange Juice 600ml,$2.75,$4.58 / 1L,/shop/productdetails/159977/original-juice-orange-juice
267948,Perkii Immunity Super Berry Probiotic Shot 60ml,$4.00,$66.67 / 1L,/shop/productdetails/267948/perkii-immunity-super-berry-probiotic-shot
738745,Avalanche Sugar Free Drinking Chocolate 200g,$4.80,$2.40 / 100G,/shop/productdetails/738745/avalanche-sugar-free-drinking-chocolate
283475,V Energy Blue Energy Drink Cans 500ml X 4 Pack,$16.00,$8.00 / 1L,/shop/productdetails/283475/v-energy-blue-energy-drink-cans
1073927570,Coco Coast Natural Watermelon Water 500ml x 12 pack,$44.95,$7.49 / 1L,/shop/productdetails/1073927570/coco-coast-natural-watermelon-water-500ml-x-12-pack
375882,Pukka Tea Bags Relax 20 Pack,$8.25,$0.41 / 1EA,/shop/productdetails/375882/pukka-tea-bags-relax
315692,V Energy Energy Drink 500ml,$3.50,$7.00 / 1L,/shop/productdetails/315692/v-energy-energy-drink
59823,Bonvit Roasted Dandelion Tea Bags 32 Pack,$8.50,$0.27 / 1EA,/shop/productdetails/59823/bonvit-roasted-dandelion-tea-bags
22823,Nescafe Coffee Sachets Latte 10 Pack,$7.60,$0.76 / 1EA,/shop/productdetails/22823/nescafe-coffee-sachets-latte
156801,Vittoria Coffee Bags Long Black 20 Pack,$12.50,$0.63 / 1EA,/shop/productdetails/156801/vittoria-coffee-bags-long-black
221654,Pauls Bluey Chocolate Flavoured Milk 200ml X 6 Pack,$4.75,$3.96 / 1L,/shop/productdetails/221654/pauls-bluey-chocolate-flavoured-milk
687785,Moccona Barista Reserve Coffee Capsules Cappuccino 10 10 Pack,$5.00,$0.50 / 1EA,/shop/productdetails/687785/moccona-barista-reserve-coffee-capsules-cappuccino-10
577085,Arkadia Chai Tea Spice Sachets 20 Pack,N/A,N/A,/shop/productdetails/577085/arkadia-chai-tea-spice-sachets
92329,L'or Espresso Ultimo Intensity 13 Coffee Capsules 10 Pack,$5.50,$0.55 / 1EA,/shop/productdetails/92329/l-or-espresso-ultimo-intensity-13-coffee-capsules
549619,Nescafe Coffee Sachets Hazelnut Latte 26 Pack,$11.00,$0.42 / 1EA,/shop/productdetails/549619/nescafe-coffee-sachets-hazelnut-latte-hazelnut
199136,Nescafe Blend 43 Instant Coffee Jar 300g,$17.40,$5.80 / 100G,/shop/productdetails/199136/nescafe-blend-43-instant-coffee-jar
95165,Nerada Organics Green Tea Cup Bags 150g,$6.80,$0.07 / 1EA,/shop/productdetails/95165/nerada-organics-green-tea-cup-bags
276856,So Good Chocolate Almond Milk 1l,$3.20,$3.20 / 1L,/shop/productdetails/276856/so-good-chocolate-almond-milk
362459,Cottee's Cordial Orange 1l,$5.90,$5.90 / 1L,/shop/productdetails/362459/cottee-s-cordial-orange
149010,Pips Cordial Lime Double Concentrate 1l,$2.20,$2.20 / 1L,/shop/productdetails/149010/pips-cordial-lime-double-concentrate
182915,Wolf Blass Zero Sauvignon Blanc 750ml,$13.50,,/shop/productdetails/182915/wolf-blass-zero-sauvignon-blanc
200148,Dilmah Earl Grey Tea Bags 50 Pack,$5.10,$0.10 / 1EA,/shop/productdetails/200148/dilmah-earl-grey-tea-bags
242184,Nescafe Gold Original 400g,$18.00,$4.50 / 100G,/shop/productdetails/242184/nescafe-gold-original
8552,Symington's Instant Dandelion Tea No Caffeine 250g,$13.20,$5.28 / 100G,/shop/productdetails/8552/symington-s-instant-dandelion-tea-no-caffeine
184132,Fever-tree Blood Orange Soda 500ml,$4.50,$9.00 / 1L,/shop/productdetails/184132/fever-tree-blood-orange-soda
221029,Lipton Ice Tea No Sugar Peach 500ml,$3.00,$6.00 / 1L,/shop/productdetails/221029/lipton-ice-tea-no-sugar-peach
689624,Nescafe Dolce Gusto Cappuccino Coffee Pods 16 Pack,$10.00,$0.63 / 1EA,/shop/productdetails/689624/nescafe-dolce-gusto-cappuccino-coffee-pods
807459,Sanitarium So Good Long Life Unsweetened Almond Milk 250ml X3 Pack,$4.60,$6.13 / 1L,/shop/productdetails/807459/sanitarium-so-good-long-life-unsweetened-almond-milk
681284,The Juice Brothers Orange 1.5l,$6.00,$4.00 / 1L,/shop/productdetails/681284/the-juice-brothers-orange
254695,Vittoria Oro Ground Coffee Oro 1kg,$24.00,$2.40 / 100G,/shop/productdetails/254695/vittoria-oro-ground-coffee-oro
69391,Arizona Iced Tea Peach 1.5l,N/A,N/A,/shop/productdetails/69391/arizona-iced-tea-peach
691315,Bickford's Blackcurrant Fruit Juice Syrup 750ml,$5.50,$7.33 / 1L,/shop/productdetails/691315/bickford-s-blackcurrant-fruit-juice-syrup
155063,Minor Figures Minor Figures Barista Oat Uht Organic Milk 1l,$4.90,$4.90 / 1L,/shop/productdetails/155063/minor-figures-barista-oat-uht-organic-milk
175603,Moccona Coffee Sachets Strong Cappuccino 30 Pack,$12.00,$0.40 / 1EA,/shop/productdetails/175603/moccona-coffee-sachets-strong-cappuccino
226153,Avalanche 99% Sugar Free Vanilla Chai Latte 10 Pack,$4.40,$0.44 / 1EA,/shop/productdetails/226153/avalanche-99-sugar-free-vanilla-chai-latte
789937,Devondale Moo Strawberry Milk 6x200ml,$6.60,$5.50 / 1L,/shop/productdetails/789937/devondale-moo-strawberry-milk
574786,Diet Rite Apple Strawberry Guava Cordial 1l,$3.50,$3.50 / 1L,/shop/productdetails/574786/diet-rite-apple-strawberry-guava-cordial
225921,Nexba Naturally Sugar Free Lemon Squash Crafted Soda 1l,$2.80,$2.80 / 1L,/shop/productdetails/225921/nexba-naturally-sugar-free-lemon-squash-crafted-soda
179688,Naked Life Non Alcoholic Yuzu Sake 250ml X4 Pack,$15.00,$15.00 / 1L,/shop/productdetails/179688/naked-life-non-alcoholic-yuzu-sake
111808,Famous Soda Co Pink Lemonade 330ml,$2.80,$8.48 / 1L,/shop/productdetails/111808/famous-soda-co-pink-lemonade
362341,Ocean Spray Ruby Red Grapefruit Juice Drink 1.5l,$5.00,$3.33 / 1L,/shop/productdetails/362341/ocean-spray-ruby-red-grapefruit-juice-drink
807545,The Juice Brothers Orange Pulp Free 1.5l,$6.00,$4.00 / 1L,/shop/productdetails/807545/the-juice-brothers-orange-pulp-free
90847,L'or Espresso Colombia Intensity 8 Coffee Capsules 20 Pack,$10.00,$0.50 / 1EA,/shop/productdetails/90847/l-or-espresso-colombia-intensity-8-coffee-capsules
124746,Remedy Organic Kombucha Wild Berry 330ml,$2.70,$8.18 / 1L,/shop/productdetails/124746/remedy-organic-kombucha-wild-berry
549621,Nescafe Coffee Sachets Mocha 26 Pack,$11.00,$0.42 / 1EA,/shop/productdetails/549621/nescafe-coffee-sachets-mocha-mocha
193622,Diet Rite No Sugar Pine Lime Cans 12 X 375ml,$8.75,$1.94 / 1L,/shop/productdetails/193622/diet-rite-no-sugar-pine-lime-cans
784642,"Nudie Nothing But Carrot, Orange, Apple & Ginger 2l",$8.50,$4.25 / 1L,/shop/productdetails/784642/nudie-nothing-but-carrot-orange-apple-ginger
213595,Moccona Cadbury Mocha Sachets 8 Pack,$3.50,$0.44 / 1EA,/shop/productdetails/213595/moccona-cadbury-mocha-sachets
94138,Campos Superior Coffee Beans 1kg,$49.50,$4.95 / 100G,/shop/productdetails/94138/campos-superior-coffee-beans
843719,Impressed Cold Pressed Juice Summer Greens 325ml,$3.60,$11.08 / 1L,/shop/productdetails/843719/impressed-cold-pressed-juice-summer-greens
256700,Moccona Freeze Dried Instant Coffee Classic Dark Roast 400g,$28.00,$7.00 / 100G,/shop/productdetails/256700/moccona-freeze-dried-instant-coffee-classic-dark-roast
177520,Mother Energy Drink Original Cans 375mlx 10 Pack,$14.15,$3.77 / 1L,/shop/productdetails/177520/mother-energy-drink-original-cans
193652,Diet Rite No Sugar Passionfruit Cans 12 X 375ml,$8.75,$1.94 / 1L,/shop/productdetails/193652/diet-rite-no-sugar-passionfruit-cans
687062,Nescafe Gold Orginal Soluble Instant Coffee 200g,$15.00,$7.50 / 100G,/shop/productdetails/687062/nescafe-gold-orginal-soluble-instant-coffee
448581,Nudie Nothing But Orange Double Pulp 2l,$8.50,$4.25 / 1L,/shop/productdetails/448581/nudie-nothing-but-orange-double-pulp
174297,Bundaberg Mini Cans Lemon Lime Bitters 6 X 200ml,$5.80,$4.83 / 1L,/shop/productdetails/174297/bundaberg-mini-cans-lemon-lime-bitters
23766,Nexba Rose Lemonade Sugar-free Kombucha 330ml X 4 Pack,$6.90,$5.23 / 1L,/shop/productdetails/23766/nexba-rose-lemonade-sugar-free-kombucha
489787,Monster Energy Ultra Can 500ml,$2.85,$5.70 / 1L,/shop/productdetails/489787/monster-energy-ultra-can
221069,Mother Mother Energy Drink Zero Sugar Razzle Berry Can 500ml,$3.00,$6.00 / 1L,/shop/productdetails/221069/mother-energy-drink-zero-sugar-razzle-berry-can
228063,Nexba Passionfruit Crafted Soda All Natural Sugar Free Cans 4 X250ml,$7.80,$7.80 / 1L,/shop/productdetails/228063/nexba-passionfruit-crafted-soda-all-natural-sugar-free-cans
190516,Remedy Kombucha Orange Squeeze 330ml,$2.70,$8.18 / 1L,/shop/productdetails/190516/remedy-kombucha-orange-squeeze
3154,Bickford's Lemon Barley Cordial 750ml,$4.00,$5.33 / 1L,/shop/productdetails/3154/bickford-s-lemon-barley-cordial
32749,Golden Circle Drinks Pine Orange Fruit Drink 1l,$2.70,$2.70 / 1L,/shop/productdetails/32749/golden-circle-drinks-pine-orange-fruit-drink
228036,Nexba Lemon Squash Crafted Soda Cans 250ml X4 Pack,$7.80,$7.80 / 1L,/shop/productdetails/228036/nexba-lemon-squash-crafted-soda-cans
781141,So Good Almond Vanilla Milk 1l,$3.20,$3.20 / 1L,/shop/productdetails/781141/so-good-almond-vanilla-milk
224639,Celestial Seasonings Sleepytime Mint Tea Bags 20 Pack,$5.00,$0.25 / 1EA,/shop/productdetails/224639/celestial-seasonings-sleepytime-mint-tea-bags
187000,Mcguigan Zero Alcohol Free Sparkling Rose 750ml,$12.50,$16.67 / 1L,/shop/productdetails/187000/mcguigan-zero-alcohol-free-sparkling-rose
477442,Golden Circle Apple & Mango Juice Poppers No Added Sugar Multipack Juice 200ml X6 Pack,$6.50,$5.42 / 1L,/shop/productdetails/477442/golden-circle-apple-mango-juice-poppers-no-added-sugar-multipack-juice
825107,Golden Circle Apple Juice No Added Sugar Fruit Juices Breakfast 3l,$5.50,$1.83 / 1L,/shop/productdetails/825107/golden-circle-apple-juice-no-added-sugar-fruit-juices-breakfast
290319,Pepsi Max 6 X 275ml,$9.00,$5.45 / 1L,/shop/productdetails/290319/pepsi-max
93167,Coca - Cola Classic  Soft Drink Bottle 600ml,$4.05,$6.75 / 1L,/shop/productdetails/93167/coca-cola-classic-soft-drink-bottle
78040,Coopers Ultra Light 375ml X6 Pack,$9.00,$4.00 / 1L,/shop/productdetails/78040/coopers-ultra-light
687774,L'or Espresso Decaf Ristretto Intensity 9 Coffee Capsules 10 Pack,$5.50,$0.55 / 1EA,/shop/productdetails/687774/l-or-espresso-decaf-ristretto-intensity-9-coffee-capsules
106351,Original Juice Grapefruit Juice 1.5l,$5.00,$3.33 / 1L,/shop/productdetails/106351/original-juice-grapefruit-juice
231664,Pepsi Max Lemon Bottle 1.25l,$1.80,$1.44 / 1L,/shop/productdetails/231664/pepsi-max-lemon-bottle
154999,Avalanche Taro Bubble Tea 5 Pack,$7.00,$1.40 / 1EA,/shop/productdetails/154999/avalanche-taro-bubble-tea
242067,Nescafe Double Shot Latte Sachets 10 Pack,$7.60,$0.76 / 1EA,/shop/productdetails/242067/nescafe-double-shot-latte-sachets
243363,Splash Fruity Water Blackcurrant Flavour 250ml X 6 Pack,$3.50,$2.33 / 1L,/shop/productdetails/243363/splash-fruity-water-blackcurrant-flavour
102292,Mildura Tropical Fruit Drink 3l,$5.00,$1.67 / 1L,/shop/productdetails/102292/mildura-tropical-fruit-drink
290348,Schweppes Lemonade 6 X 275ml,$9.00,$5.45 / 1L,/shop/productdetails/290348/schweppes-lemonade
94686,Vittoria Mountain Grown Ground Coffee 200g,$10.00,$5.00 / 100G,/shop/productdetails/94686/vittoria-mountain-grown-ground-coffee
102323,Remedy Kombucha Mango Passion 330ml,$2.70,$8.18 / 1L,/shop/productdetails/102323/remedy-kombucha-mango-passion
32187,Vittoria Organic Coffee Beans 500g,$24.00,$4.80 / 100G,/shop/productdetails/32187/vittoria-organic-coffee-beans
311159,Golden Circle Cordials Pine Mango Passion Cordial 2l,$5.00,$2.50 / 1L,/shop/productdetails/311159/golden-circle-cordials-pine-mango-passion-cordial
1073797683,Happy Way Charge Up Watermelon 300g,$72.95,$24.32 / 100G,/shop/productdetails/1073797683/happy-way-charge-up-watermelon-300g
327603,Red Bull Energy Drink 473ml,$5.10,$10.78 / 1L,/shop/productdetails/327603/red-bull-energy-drink
244388,Sprite Lemon+ Soft Drink Bottle 600ml,$4.05,$6.75 / 1L,/shop/productdetails/244388/sprite-lemon-soft-drink-bottle
933674,Map Clean Bean Descaler 250ml,$7.50,$3.00 / 100ML,/shop/productdetails/933674/map-clean-bean-descaler
61962,Pepsi Max Bottles 300ml X4 Pack,$5.00,$4.17 / 1L,/shop/productdetails/61962/pepsi-max-bottles
112438,V Energy Sugar Free Blue 500ml,$3.50,$7.00 / 1L,/shop/productdetails/112438/v-energy-sugar-free-blue
136794,Vithit Boost 500ml,$4.50,$9.00 / 1L,/shop/productdetails/136794/vithit-boost
603806,L'or Espresso Supremo Intensity 10 Coffee Capsules 10 Pack,$5.50,$0.55 / 1EA,/shop/productdetails/603806/l-or-espresso-supremo-intensity-10-coffee-capsules
222977,Suntory Boss Coffee Iced Vanilla Latte Cans 237ml X4 Pack,$12.60,$13.29 / 1L,/shop/productdetails/222977/suntory-boss-coffee-iced-vanilla-latte-cans
1074294363,Coca Cola 600ml Coke pk24,$78.01,$5.42 / 1L,/shop/productdetails/1074294363/coca-cola-600ml-coke-pk24
362464,Cottee's Cordial Lemon 1l,$5.90,$5.90 / 1L,/shop/productdetails/362464/cottee-s-cordial-lemon
230330,Lo Bros Raspberry & Blackcurrent Kombucha 330ml,$4.00,$12.12 / 1L,/shop/productdetails/230330/lo-bros-raspberry-blackcurrent-kombucha
315797,Just Juice Paradise Punch 6x200ml,$5.80,$4.83 / 1L,/shop/productdetails/315797/just-juice-paradise-punch
101532,Lo Bros Kombucha Passionfruit 330ml,$4.00,$12.12 / 1L,/shop/productdetails/101532/lo-bros-kombucha-passionfruit
926541,Nescafe Dolce Gusto Ristretto Ardenza Coffee Pods 16 Pack,$10.00,$0.63 / 1EA,/shop/productdetails/926541/nescafe-dolce-gusto-ristretto-ardenza-coffee-pods
270656,Remedy Sodaly Guava 330ml,$4.00,$12.12 / 1L,/shop/productdetails/270656/remedy-sodaly-guava
142929,Woolworths Orange Juice With Pulp 2l,$5.00,$2.50 / 1L,/shop/productdetails/142929/woolworths-orange-juice-with-pulp
225840,Cottee's Zero Sugar Lemon Cordial 1l,$5.90,$5.90 / 1L,/shop/productdetails/225840/cottee-s-zero-sugar-lemon-cordial
40445,Golden Circle Cordials Orange Cordial 2l,$5.00,$2.50 / 1L,/shop/productdetails/40445/golden-circle-cordials-orange-cordial
792918,Higher Living Cocoa Chilli Tea 15 Bags 30g,N/A,N/A,/shop/productdetails/792918/higher-living-cocoa-chilli-tea
160752,L'or Espresso Supremo Intensity 10 Coffee Capsules 40 Pack,$22.00,$0.55 / 1EA,/shop/productdetails/160752/l-or-espresso-supremo-intensity-10-coffee-capsules
227782,Cottee's Zero Sugar Orange Cordial 1l,$5.90,$5.90 / 1L,/shop/productdetails/227782/cottee-s-zero-sugar-orange-cordial
821283,Liddells Lactose Free Chocolate Milk 3x250ml,$5.15,$6.87 / 1L,/shop/productdetails/821283/liddells-lactose-free-chocolate-milk
231452,Passiona Cans 375ml X10 Pack,$9.90,$2.64 / 1L,/shop/productdetails/231452/kirks-passiona-cans
93166,Coca - Cola Diet Soft Drink Bottle 600ml,$4.05,$6.75 / 1L,/shop/productdetails/93166/coca-cola-diet-soft-drink-bottle-bottle
711847,Daily Juice No Added Sugar Orange Juice Screw Cap 500ml,$2.80,$5.60 / 1L,/shop/productdetails/711847/daily-juice-no-added-sugar-orange-juice-screw-cap
769415,Lucozade Orange Energy Drink 380ml,$2.80,$7.37 / 1L,/shop/productdetails/769415/lucozade-orange-energy-drink
99506,Lo Bros Kombucha Soda Cola 4 Pack,$12.50,$9.47 / 1L,/shop/productdetails/99506/lo-bros-kombucha-soda-cola
115794,Nescafe Coffee Sachets 98% Sugar Free Mocha 10 Pack,$7.60,$0.76 / 1EA,/shop/productdetails/115794/nescafe-coffee-sachets-98-sugar-free-mocha
116550,Lipton Iced Tea Lemon 20 Pack,$6.50,$0.33 / 1EA,/shop/productdetails/116550/lipton-iced-tea-lemon
307849,Twinings French Earl Grey 10 Pack,$2.00,$0.20 / 1EA,/shop/productdetails/307849/twinings-french-earl-grey
67057,Golden Circle Apple & Mango Juice No Added Sugar Fruit Juices 2l,$4.80,$2.40 / 1L,/shop/productdetails/67057/golden-circle-apple-mango-juice-no-added-sugar-fruit-juices
787819,Bickford's Cloudy Pear Juice 1l,$6.50,$6.50 / 1L,/shop/productdetails/787819/bickford-s-cloudy-pear-juice
174717,Moccona Coffee Sachets Latte 30 Pack,$12.00,$0.40 / 1EA,/shop/productdetails/174717/moccona-coffee-sachets-latte
151688,Remedy Organic Kombucha Passionfruit 1.25l,$6.00,$4.80 / 1L,/shop/productdetails/151688/remedy-organic-kombucha-passionfruit
108466,V Energy Blue Sugar Free 250ml,$2.50,$10.00 / 1L,/shop/productdetails/108466/v-energy-blue-sugar-free
218273,Lo Bros Kombucha Pineapple & Lime Cans 250ml X4 Pack,$6.50,$6.50 / 1L,/shop/productdetails/218273/lo-bros-kombucha-pineapple-lime-cans
35766,Passiona Bottle 1.25l,$1.80,$1.44 / 1L,/shop/productdetails/35766/passiona-bottle
227280,Nexba Vintage Cola Crafted Soda Cans 250ml X4 Pack,$7.80,$7.80 / 1L,/shop/productdetails/227280/nexba-vintage-cola-crafted-soda-cans
90001,Harris Coffee Beans Strong 1kg,$26.00,$2.60 / 100G,/shop/productdetails/90001/harris-coffee-beans-strong
188863,Vithit Immunitea Dragonfruit & Yuzu 500ml,$4.50,$9.00 / 1L,/shop/productdetails/188863/vithit-immunitea-dragonfruit-yuzu
55934,Illy Classico Espresso Capsules 10 Pack,$6.00,$0.60 / 1EA,/shop/productdetails/55934/illy-classico-espresso-capsules
95166,Lavazza A Modo Mio Crema E Gusto Espresso Coffee Capsules 16 Pack,$7.50,$0.47 / 1EA,/shop/productdetails/95166/lavazza-a-modo-mio-crema-e-gusto-espresso-coffee-capsules
878752,Oak Strawberry Flavoured Milk (3x250ml) 750ml,$4.35,$5.80 / 1L,/shop/productdetails/878752/oak-strawberry-flavoured-milk-3x250ml-
805929,Nescafe Dolce Gusto Americano Rich Aroma Coffee Pods 16 Pack,$10.00,$0.63 / 1EA,/shop/productdetails/805929/nescafe-dolce-gusto-americano-rich-aroma-coffee-pods
192401,Red Bull Energy Drink Sugar Free 250ml,$3.10,$12.40 / 1L,/shop/productdetails/192401/red-bull-energy-drink-sugar-free
175459,Lo Bros Pineapple & Lime Kombucha 330ml,$4.00,$12.12 / 1L,/shop/productdetails/175459/lo-bros-pineapple-lime-kombucha
17605,Moccona Freeze Dried Instant Coffee Indulgence 200g,$17.00,$8.50 / 100G,/shop/productdetails/17605/moccona-freeze-dried-instant-coffee-indulgence
786581,Golden Circle Fruit Drinks Guava Nectar 1l,$3.60,$3.60 / 1L,/shop/productdetails/786581/golden-circle-fruit-drinks-guava-nectar
64365,Nudie Nothing But Orange Pulp Free 400ml,$3.90,$9.75 / 1L,/shop/productdetails/64365/nudie-nothing-but-orange-pulp-free
227947,Bickford's Pineapple & Passionfruit Cordial 750ml,$4.00,$5.33 / 1L,/shop/productdetails/227947/bickford-s-pineapple-passionfruit-cordial
629484,Impressed Cold Pressed Juice Ginger Ninja 1l,$5.00,$5.00 / 1L,/shop/productdetails/629484/impressed-cold-pressed-juice-ginger-ninja
425685,Kintra Foods Dandy Chai Blend 90g,$7.50,$8.33 / 100G,/shop/productdetails/425685/kintra-foods-dandy-chai-blend
106537,Juicy Isle Organic Apple Juice 1.5l,$5.50,$3.67 / 1L,/shop/productdetails/106537/juicy-isle-organic-apple-juice
123598,Lo Bros Kombucha Soda Ginger Beer 4 Pack,$12.50,$9.47 / 1L,/shop/productdetails/123598/lo-bros-kombucha-soda-ginger-beer
32747,Golden Circle Orange Burst Fruit Drink Breakfast Drink 1l,$2.70,$2.70 / 1L,/shop/productdetails/32747/golden-circle-orange-burst-fruit-drink-breakfast-drink
739700,Mildura Orange Mango Fruit Drink 500ml,$2.30,$4.60 / 1L,/shop/productdetails/739700/mildura-orange-mango-fruit-drink
62335,Mountain Dew Cans 375ml X24 Case,$34.85,$3.87 / 1L,/shop/productdetails/62335/mountain-dew-cans
290705,Sunkist Zero Sugar Mini Cans 275ml X 6 Pack,$9.00,$5.45 / 1L,/shop/productdetails/290705/sunkist-zero-sugar-mini-cans
174645,V Energy Raspberry Lemonade Guarana Energy Drink 250mlx 4pack,$8.00,$8.00 / 1L,/shop/productdetails/174645/v-energy-raspberry-lemonade-guarana-energy-drink
22187,Eastcoast Wake Up Shake Up Juice 2l,$6.25,$3.13 / 1L,/shop/productdetails/22187/eastcoast-wake-up-shake-up-juice
32695,Moccona Freeze Dried Instant Coffee Classic Medium Roast 50g,$7.00,$14.00 / 100G,/shop/productdetails/32695/moccona-freeze-dried-instant-coffee-classic-medium-roast
272882,Nudie Smoothie Green Probiotic 400ml,$4.50,$11.25 / 1L,/shop/productdetails/272882/nudie-smoothie-green-probiotic
739699,Mildura Orange Passionfruit Fruit Drink 500ml,$2.30,$4.60 / 1L,/shop/productdetails/739699/mildura-orange-passionfruit-fruit-drink
852421,Woolworths Apple Juice 3l,$4.20,$1.40 / 1L,/shop/productdetails/852421/woolworths-apple-juice
254495,Jarrah French Vanilla Latte Instant Coffee 250g,$7.50,$3.00 / 100G,/shop/productdetails/254495/jarrah-french-vanilla-latte-instant-coffee
699538,Nescafe Dolce Gusto Flat White Coffee Pods 16 Pack,$10.00,$0.63 / 1EA,/shop/productdetails/699538/nescafe-dolce-gusto-flat-white-coffee-pods
62911,Monster Energy Ultra Paradise Can 500ml,$2.85,$5.70 / 1L,/shop/productdetails/62911/monster-energy-ultra-paradise-can
242252,Splash Fruity Water Apple Flavour 250ml X 6 Pack,$3.50,$2.33 / 1L,/shop/productdetails/242252/splash-fruity-water-apple-flavour
158983,Vittoria Coffee Beans Latte 1kg,$22.00,$2.20 / 100G,/shop/productdetails/158983/vittoria-coffee-beans-latte
228013,V Energy Refresh Citrus Lemonade Sugar Free Can 250ml,$2.50,$10.00 / 1L,/shop/productdetails/228013/v-energy-refresh-citrus-lemonade-sugar-free-can
803888,Monster Energy Pipeline Punch Can 500ml,$2.85,$5.70 / 1L,/shop/productdetails/803888/monster-energy-pipeline-punch-can
223932,Mother Lava Guava Energy Drink Cans 500ml X 4 Pack,$7.15,$3.58 / 1L,/shop/productdetails/223932/mother-lava-guava-energy-drink-cans
222736,Campos Superior Aluminium Coffee Capsules 10 Pack,$7.60,$0.76 / 1EA,/shop/productdetails/222736/campos-superior-aluminium-coffee-capsules
800325,Nescafe Blend 43 Smooth & Creamy Instant Coffee 140g,$11.50,$8.21 / 100G,/shop/productdetails/800325/nescafe-blend-43-smooth-creamy-instant-coffee
254492,Jarrah Swiss Café Instant Mocha 250g,$7.50,$3.00 / 100G,/shop/productdetails/254492/jarrah-swiss-caf-instant-mocha-swiss-style-cocoa-98-fat-free
159369,L'or Espresso Intense Collection Variety Coffee Capsules 40 Pack,$22.00,$0.55 / 1EA,/shop/productdetails/159369/l-or-espresso-intense-collection-variety-coffee-capsules
688560,Golden Circle Cordials Lemon Cordial 2l,$5.00,$2.50 / 1L,/shop/productdetails/688560/golden-circle-cordials-lemon-cordial
329812,Monster Energy Green Can 500ml,$2.85,$5.70 / 1L,/shop/productdetails/329812/monster-energy-green-can
690360,Macro Organic Fairtrade Ground Coffee Medium 200g,$6.60,$3.30 / 100G,/shop/productdetails/690360/macro-organic-fairtrade-ground-coffee-medium
739656,Mildura Orange Fruit Drink 3l,$5.00,$1.67 / 1L,/shop/productdetails/739656/mildura-orange-fruit-drink
67622,Preshafruit Pink Lady Apple Juice 2l,$8.00,$4.00 / 1L,/shop/productdetails/67622/preshafruit-pink-lady-apple-juice
711024,V Energy Drink Blue Can 250ml,$2.50,$10.00 / 1L,/shop/productdetails/711024/v-energy-drink-blue-can
852937,Jarrah Mint Hot Chocolate 10 Pack,$7.00,$0.70 / 1EA,/shop/productdetails/852937/jarrah-mint-hot-chocolate-drinking-chocolate-sachets
159672,Lipton Chai Latte Spiced 16 Pack,$6.50,$0.41 / 1EA,/shop/productdetails/159672/lipton-chai-latte-spiced
288465,Monster Energy Super Dry Can 500ml,$2.85,$5.70 / 1L,/shop/productdetails/288465/monster-energy-super-dry-can
223654,Gokids Chocolate Oat Milk 200ml,$3.30,$5.50 / 1L,/shop/productdetails/223654/gokids-chocolate-oat-milk
732562,Moccona Freeze Dried Instant Coffee Caramel 95g,$11.50,$12.11 / 100G,/shop/productdetails/732562/moccona-freeze-dried-instant-coffee-caramel
309435,Starbucks By Nespresso Creamy Vanilla Flavoured Coffee Capsules 10 Pack,$7.90,$0.79 / 1EA,/shop/productdetails/309435/starbucks-by-nespresso-creamy-vanilla-flavoured-coffee-capsules
223901,Twinings Live Well Revive Tea Bags 20 Pack,$4.25,$0.21 / 1EA,/shop/productdetails/223901/twinings-live-well-revive-tea-bags
99050,Lo Bros Kombucha Soda Lemon Lime & Bitters 4 Pack,$12.50,$9.47 / 1L,/shop/productdetails/99050/lo-bros-kombucha-soda-lemon-lime-bitters
362472,Cottee's Cordial Apple & Raspberry 1l,$5.90,$5.90 / 1L,/shop/productdetails/362472/cottee-s-cordial-apple-raspberry
159159,Moccona Plant Based Coffee Sachets Almond Latte 8 Pack,$3.50,$0.44 / 1EA,/shop/productdetails/159159/moccona-plant-based-coffee-sachets-almond-latte
169393,Nestle Sweetened Condensed Milk 170g,$3.20,$1.88 / 100G,/shop/productdetails/169393/nestle-sweetened-condensed-milk
45058,Moccona Freeze Dried Instant Coffee Espresso 400g,$28.00,$7.00 / 100G,/shop/productdetails/45058/moccona-freeze-dried-instant-coffee-espresso
174492,Monster Energy Drink Ultra Fiesta Mango Flavour 500ml,$2.85,$5.70 / 1L,/shop/productdetails/174492/monster-energy-drink-ultra-fiesta-mango-flavour
406578,Nudie Nothing But Orange Juice Pulp Free 3l,$11.00,$3.67 / 1L,/shop/productdetails/406578/nudie-nothing-but-orange-juice-pulp-free
274781,So Good Chocolate Oat Milk 1l,$3.50,$3.50 / 1L,/shop/productdetails/274781/so-good-chocolate-oat-milk
116695,V Energy Blue 330ml X6 Pack,$12.50,$6.31 / 1L,/shop/productdetails/116695/v-energy-blue
804347,Woolworths Orange Juice Pulp Free 2l,$5.00,$2.50 / 1L,/shop/productdetails/804347/woolworths-orange-juice-pulp-free
42312,Harris Filter Papers 10-12 Cup 40 Pack,$3.00,$0.08 / 1EA,/shop/productdetails/42312/harris-filter-papers-10-12-cup
114380,Nescafe Blend 43 Espresso 500g,$17.00,$3.40 / 100G,/shop/productdetails/114380/nescafe-blend-43-espresso
1074014352,SodaStream Terra Sparkling Water Maker - Black,$109.00,$109.00 / 1EA,/shop/productdetails/1074014352/sodastream-terra-sparkling-water-maker-black
188703,H2juice Berry Mix 1.25l,$4.00,$3.20 / 1L,/shop/productdetails/188703/h2juice-berry-mix
275744,T2 Peach Amore Low Sugar Iced Tea Cans 240ml X 4 Pack,$10.00,$10.42 / 1L,/shop/productdetails/275744/t2-peach-amore-low-sugar-iced-tea-cans
227739,Cottee's Zero Sugar Fruit Cup Cordial 1l,$5.90,$5.90 / 1L,/shop/productdetails/227739/cottee-s-zero-sugar-fruit-cup-cordial
859536,Lo Bros Kombucha Passionfruit 750ml,$7.50,$10.00 / 1L,/shop/productdetails/859536/lo-bros-kombucha-passionfruit
229204,P&n Apple Fruit Juice 2l,$3.50,$1.75 / 1L,/shop/productdetails/229204/p-n-apple-fruit-juice
739716,Mildura Apple Guava Fruit Drink 500ml,$2.30,$4.60 / 1L,/shop/productdetails/739716/mildura-apple-guava-fruit-drink
687787,Moccona Barista Reserve Coffee Capsules Long Black 8 10 Pack,$5.00,$0.50 / 1EA,/shop/productdetails/687787/moccona-barista-reserve-coffee-capsules-long-black-8
270303,Remedy Sodaly Raspberry 330ml,$4.00,$12.12 / 1L,/shop/productdetails/270303/remedy-sodaly-raspberry
629052,Impressed Cold Pressed Juice Jack Rose 325ml,$3.60,$11.08 / 1L,/shop/productdetails/629052/impressed-cold-pressed-juice-jack-rose
217096,Lo Bros Kombucha Passionfruit Cans 250ml X4 Pack,$6.50,$6.50 / 1L,/shop/productdetails/217096/lo-bros-kombucha-passionfruit-cans
228043,Nexba Naturally Sugar Free Ginger Beer Crafted Soda Cans 4 X250ml,$7.80,$7.80 / 1L,/shop/productdetails/228043/nexba-naturally-sugar-free-ginger-beer-crafted-soda-cans
259027,Australia's Own Kid's Milk Chocolate 200ml X 6 Pack,$4.50,$3.75 / 1L,/shop/productdetails/259027/australia-s-own-kid-s-milk-chocolate
193612,La Ice Cola Cans 12 X 375ml,$8.75,$1.94 / 1L,/shop/productdetails/193612/la-ice-cola-cans
309640,Starbucks By Nespresso Smooth Caramel Coffee Capsules 10 Pack,$7.90,$0.79 / 1EA,/shop/productdetails/309640/starbucks-by-nespresso-smooth-caramel-coffee-capsules
32216,Vittoria Mountain Grown Ground Coffee 500g,$24.00,$4.80 / 100G,/shop/productdetails/32216/vittoria-mountain-grown-ground-coffee
291873,Nestle Milo Pro 700g,$15.50,$2.21 / 100G,/shop/productdetails/291873/nestle-milo-pro
94147,Lavazza Espresso Barista Gran Crema Coffee Beans 1kg,$24.00,$2.40 / 100G,/shop/productdetails/94147/lavazza-espresso-barista-gran-crema-coffee-beans
826651,Golden Circle Drinks Apple Blackcurrant Fruit Drink 1l,$2.70,$2.70 / 1L,/shop/productdetails/826651/golden-circle-drinks-apple-blackcurrant-fruit-drink
216282,Starbucks Signature Hot Chocolate 42% Cocoa Powder 330g,$8.60,$2.61 / 100G,/shop/productdetails/216282/starbucks-signature-hot-chocolate-42-cocoa-powder
690359,Macro Organic Fairtrade Ground Coffee Dark 200g,$6.60,$3.30 / 100G,/shop/productdetails/690359/macro-organic-fairtrade-ground-coffee-dark
152954,Nexba Mango Sugar-free Kombucha 330ml X 4 Pack,$6.90,$5.23 / 1L,/shop/productdetails/152954/nexba-mango-sugar-free-kombucha
92483,Golden Circle Drinks Pine Coconut Flavoured Fruit Drink 1l,$2.70,$2.70 / 1L,/shop/productdetails/92483/golden-circle-drinks-pine-coconut-flavoured-fruit-drink
792988,Higher Living Chai Green Each,$4.40,$0.22 / 1EA,/shop/productdetails/792988/higher-living-chai-green
226207,Mood Tea Sweet Lullaby Rooibos Liquorice & Vanilla 10 Pack,$5.50,$0.55 / 1EA,/shop/productdetails/226207/mood-tea-sweet-lullaby-rooibos-liquorice-vanilla
268297,Nudie Nothing But Aloha Juice 2l,$8.50,$4.25 / 1L,/shop/productdetails/268297/nudie-nothing-but-aloha-juice
442182,Pepsi Cans 375ml X10 Pack,$9.90,$2.64 / 1L,/shop/productdetails/442182/pepsi-cans
296632,Red Bull Energy Drink Purple Edition 250ml X 4 Pack,$8.50,$8.50 / 1L,/shop/productdetails/296632/red-bull-energy-drink-purple-edition
159371,Moccona Plant Based Coffee Sachets Almond Caramel Latte 8 Pack,$3.50,$0.44 / 1EA,/shop/productdetails/159371/moccona-plant-based-coffee-sachets-almond-caramel-latte
179448,Naked Life Non Alcoholic Wimbledon Spritz 250ml X4 Pack,$15.00,$15.00 / 1L,/shop/productdetails/179448/naked-life-non-alcoholic-wimbledon-spritz
226438,Twinings Live Well Calm Tea Bags 18 Pack,$4.25,$0.24 / 1EA,/shop/productdetails/226438/twinings-live-well-calm-tea-bags
155349,Avalanche Peach Bubble Tea 5 Pack,$7.00,$1.40 / 1EA,/shop/productdetails/155349/avalanche-peach-bubble-tea
520218,Charlie's Lemonade Quencher Fresh Juice 2l,$5.10,$2.55 / 1L,/shop/productdetails/520218/charlie-s-lemonade-quencher-fresh-juice
175458,Moccona Double Shot Latte Coffee Sachets 10 Pack,$3.50,$0.35 / 1EA,/shop/productdetails/175458/moccona-double-shot-latte-coffee-sachets
141202,Woolworths Fruit Juice Syrup 30% Fruit Blackcurrant 750ml,$3.80,$5.07 / 1L,/shop/productdetails/141202/woolworths-fruit-juice-syrup-30-fruit-blackcurrant
786697,Golden Circle Tomato Juice No Added Sugar Vegetable Juices 1l,$3.00,$3.00 / 1L,/shop/productdetails/786697/golden-circle-tomato-juice-no-added-sugar-vegetable-juices
757042,Bushells Turkish Coffee 250g,$7.40,$2.96 / 100G,/shop/productdetails/757042/bushells-turkish-coffee
229961,V Energy Refresh Pineapple & Watermelon Can 500ml,$3.50,$7.00 / 1L,/shop/productdetails/229961/v-energy-refresh-pineapple-watermelon-can
84244,Devondale Skim Long Life Milk 6x200ml,$6.00,$5.00 / 1L,/shop/productdetails/84244/devondale-skim-long-life-milk
147836,Mcguigan Zero Alcohol Free Shiraz 750ml,$12.50,$16.67 / 1L,/shop/productdetails/147836/mcguigan-zero-alcohol-free-shiraz
175513,Moccona Coffee Sachets Skim Cappuccino 10 Pack,$3.50,$0.35 / 1EA,/shop/productdetails/175513/moccona-coffee-sachets-skim-cappuccino
296364,Red Bull Energy Drink Jade 250ml X 4 Pack,$8.50,$8.50 / 1L,/shop/productdetails/296364/red-bull-energy-drink-jade
157508,Impressed Pressed Juice Berry Bliss 1l,$4.00,$4.00 / 1L,/shop/productdetails/157508/impressed-pressed-juice-berry-bliss
842046,Daily Juice Pop Top Apple Juice 250ml,$2.00,$8.00 / 1L,/shop/productdetails/842046/daily-juice-pop-top-apple-juice
229453,Original Juice Veggie Goodness Spinach Zucchini Kale 1l,$6.00,$6.00 / 1L,/shop/productdetails/229453/original-juice-veggie-goodness-spinach-zucchini-kale
786550,Golden Circle Fruit Drinks Pear Nectar 1l,$3.60,$3.60 / 1L,/shop/productdetails/786550/golden-circle-fruit-drinks-pear-nectar
222963,Monster Energy Ultra Fiesta Mango Flavour Cans 500ml X4 Pack,$14.45,$7.23 / 1L,/shop/productdetails/222963/monster-energy-ultra-fiesta-mango-flavour-cans
136472,Vithit Perform 500ml,$4.50,$9.00 / 1L,/shop/productdetails/136472/vithit-perform-500ml-vithit-perform
34543,Golden Circle Drinks Pine Mango Fruit Drink 1l,$2.70,$2.70 / 1L,/shop/productdetails/34543/golden-circle-drinks-pine-mango-fruit-drink
222954,Nescafe White Choc Mocha Inspired By Milkybar Sachets 8 Pack,$7.60,$0.95 / 1EA,/shop/productdetails/222954/nescafe-white-choc-mocha-inspired-by-milkybar-sachets
267217,Nudie Nothing But Cucumber & Spinach Juice 1l,$5.00,$5.00 / 1L,/shop/productdetails/267217/nudie-nothing-but-cucumber-spinach-juice
175763,Pepsi Max Bottle 600ml,$3.95,$6.58 / 1L,/shop/productdetails/175763/pepsi-max-bottle
147697,Nestle Coffee Mate Coffee Flavouring Hazelnut 10 Pack,$5.30,$0.53 / 1EA,/shop/productdetails/147697/nestle-coffee-mate-coffee-flavouring-hazelnut
1073863256,StrangeLove Soda Water 180ml Bottles - 6x4 Pack,$51.00,$11.81 / 1L,/shop/productdetails/1073863256/strangelove-soda-water-180ml-bottles-6x4-pack
151067,Nestle Skim Sweetened Condensed Milk 410g,$3.80,$0.93 / 100G,/shop/productdetails/151067/nestle-skim-sweetened-condensed-milk
176950,Moccona Caramel Latte Coffee Sachets 30 Pack,$12.00,$0.40 / 1EA,/shop/productdetails/176950/moccona-caramel-latte-coffee-sachets
94146,Lavazza Espresso Barista Intenso Coffee Beans 1kg,$24.00,$2.40 / 100G,/shop/productdetails/94146/lavazza-espresso-barista-intenso-coffee-beans
176993,Lipton Iced Tea Passionfruit Sachets 20 Pack,$6.50,$0.33 / 1EA,/shop/productdetails/176993/lipton-iced-tea-passionfruit-sachets
139986,Vit-hit Lean & Green 500ml,$4.50,$9.00 / 1L,/shop/productdetails/139986/vithit-vit-hit-lean-green
227407,"Mood Tea Happy Days Hibiscus, Apple & Ginger 10 Pack",$5.50,$0.55 / 1EA,/shop/productdetails/227407/mood-tea-happy-days-hibiscus-apple-ginger
222908,Vittoria Coffee Decaffinated Coffee Bags 20 Pack,$13.50,$0.68 / 1EA,/shop/productdetails/222908/vittoria-coffee-decaffinated-coffee-bags
155457,Avalanche Brown Sugar Bubble Tea 5 Pack,$7.00,$1.40 / 1EA,/shop/productdetails/155457/avalanche-brown-sugar-bubble-tea
311515,Ocean Spray Cran Pomegranate Juice Drink 1.5l,$5.00,$3.33 / 1L,/shop/productdetails/311515/ocean-spray-cran-pomegranate-juice-drink
270324,Remedy Sodaly Passionfruit 330ml,$4.00,$12.12 / 1L,/shop/productdetails/270324/remedy-sodaly-passionfruit
222738,Hardys Zero Shiraz Alcohol Free 750ml,$13.00,$17.33 / 1L,/shop/productdetails/222738/hardys-zero-shiraz-alcohol-free
681286,The Juice Brothers Morning Start 1.5l,$6.00,$4.00 / 1L,/shop/productdetails/681286/the-juice-brothers-morning-start
193511,La Ice No Sugar Cola Cans 12 X 375ml,$8.75,$1.94 / 1L,/shop/productdetails/193511/la-ice-no-sugar-cola-cans
549626,Nescafe Coffee Sachets Skim Cappuccino 26 Pack,$11.00,$0.42 / 1EA,/shop/productdetails/549626/nescafe-coffee-sachets-skim-cappuccino-skim-cappucino
732371,Mother Energy Drink Frosty Berry Can 500ml,$3.00,$6.00 / 1L,/shop/productdetails/732371/mother-energy-drink-frosty-berry-can
1074014377,SodaStream Terra Sparkling Water Maker - White,$109.00,$109.00 / 1EA,/shop/productdetails/1074014377/sodastream-terra-sparkling-water-maker-white
296177,Lo Bros Kombucha Raspberry & Blackcurrant 250ml X 4 Pack,$6.50,$6.50 / 1L,/shop/productdetails/296177/lo-bros-kombucha-raspberry-blackcurrant
46779,Bickford's Diet Lime Cordial 750ml,$4.00,$5.33 / 1L,/shop/productdetails/46779/bickford-s-diet-lime-cordial
91100,Harris Coffee Beans Very Strong 1kg,$26.00,$2.60 / 100G,/shop/productdetails/91100/harris-coffee-beans-very-strong
147943,Pana Organic Hot Chocolate 200g,$7.00,$3.50 / 100G,/shop/productdetails/147943/pana-organic-hot-chocolate
677524,Bickford's Cherry Juice 1l,$6.50,$6.50 / 1L,/shop/productdetails/677524/bickford-s-cherry-juice
786549,Golden Circle Fruit Drinks Mango Nectar 1l,$3.60,$3.60 / 1L,/shop/productdetails/786549/golden-circle-fruit-drinks-mango-nectar
554892,Lavazza A Modo Mio Passionale Coffee Capsules 16 Pack,$7.50,$0.47 / 1EA,/shop/productdetails/554892/lavazza-a-modo-mio-passionale-coffee-capsules
214182,Moccona Cadbury Hazelnut Mocha Sachets 8 Pack,$3.50,$0.44 / 1EA,/shop/productdetails/214182/moccona-cadbury-hazelnut-mocha-sachets
10927,Nescafe Blend 43 Decaffeinated Instant Coffee 250g,$21.00,$8.40 / 100G,/shop/productdetails/10927/nescafe-blend-43-decaffeinated-instant-coffee
153042,Avalanche 99% Sugar Free Caramelised White Chocolate 10 Pack,$5.50,$0.55 / 1EA,/shop/productdetails/153042/avalanche-99-sugar-free-caramelised-white-chocolate
55936,Illy Espresso Forte Capsules 10 Pack,$6.00,$0.60 / 1EA,/shop/productdetails/55936/illy-espresso-forte-capsules
159160,Lavazza Coffee Beans Crema E Gusto Classico 1kg,$16.80,$1.68 / 100G,/shop/productdetails/159160/lavazza-coffee-beans-crema-e-gusto-classico
254602,Lavazza Ground Coffee Torino Qualita Oro Arabica 1kg,$22.80,$2.28 / 100G,/shop/productdetails/254602/lavazza-ground-coffee-torino-qualita-oro-arabica
74006,Lavazza Qualita Oro Coffee Beans 1kg,$22.80,$2.28 / 100G,/shop/productdetails/74006/lavazza-qualita-oro-coffee-beans
230862,Oxyshred Ultra Energy Zero Sugar Kiwi Strawberry Can 355ml,$6.00,$16.90 / 1L,/shop/productdetails/230862/oxyshred-ultra-energy-zero-sugar-kiwi-strawberry-can
174276,Remedy Kombucha Mango Passion Cans 250ml X 4 Pack,$6.00,$6.00 / 1L,/shop/productdetails/174276/remedy-kombucha-mango-passion-cans
319548,Woolworths Latte Coffee Sachets 10 Pack,$3.25,$0.33 / 1EA,/shop/productdetails/319548/woolworths-latte-coffee-sachets
18468,Woolworths Tomato Juice 850ml,$1.95,$2.29 / 1L,/shop/productdetails/18468/woolworths-tomato-juice
1073927450,Arkadia Vanilla Syrup 750ml,$29.00,$3.87 / 100ML,/shop/productdetails/1073927450/arkadia-vanilla-syrup-750ml
427885,Madura Green Leaf Tea Organic 150g,$7.10,$4.73 / 100G,/shop/productdetails/427885/madura-green-leaf-tea-organic
221770,Pauls Bluey Full Cream Milk 200ml X 6 Pack,$4.20,$3.50 / 1L,/shop/productdetails/221770/pauls-bluey-full-cream-milk
665417,Nudie Nothing But Apples Cloudy Juice 3l,$11.00,$3.67 / 1L,/shop/productdetails/665417/nudie-nothing-but-apples-cloudy-juice
104407,Golden Circle Pine Orange No Added Sugar Juice Pineapple Fruit Juice 2l,$4.80,$2.40 / 1L,/shop/productdetails/104407/golden-circle-pine-orange-no-added-sugar-juice-pineapple-fruit-juice
151863,Cadbury Drinking Chocolate Neapolitan 250g,$3.00,$1.20 / 100G,/shop/productdetails/151863/cadbury-drinking-chocolate-neapolitan
271777,Famous Soda Co Zero Sugar Tangerine 330ml,$2.80,$8.48 / 1L,/shop/productdetails/271777/famous-soda-co-zero-sugar-tangerine
1073863252,StrangeLove Light Tonic Water 180ml Bottles - 6x4 Pack,$51.00,$11.81 / 1L,/shop/productdetails/1073863252/strangelove-light-tonic-water-180ml-bottles-6x4-pack
116060,Byron Chai Indian Spiced Tea 100g,$6.20,$6.20 / 100G,/shop/productdetails/116060/byron-chai-indian-spiced-tea
211718,Moccona Cadbury Caramel Mocha Sachets 8 Pack,$3.50,$0.44 / 1EA,/shop/productdetails/211718/moccona-cadbury-caramel-mocha-sachets
435090,Woolworths Nespresso Compatible Coffee Capsules Decaffeinated 10 Pack,$3.80,$0.38 / 1EA,/shop/productdetails/435090/woolworths-nespresso-compatible-coffee-capsules-decaffeinated
574871,Bickford's Cordial Pink Grape Fruit 750ml,$4.00,$5.33 / 1L,/shop/productdetails/574871/bickford-s-cordial-pink-grape-fruit
51657,Golden Circle Grape Juice No Added Sugar Fruits Juices 2l,$4.80,$2.40 / 1L,/shop/productdetails/51657/golden-circle-grape-juice-no-added-sugar-fruits-juices
229425,H2juice Watermelon Juice 1.25l,$4.00,$3.20 / 1L,/shop/productdetails/229425/h2juice-watermelon-juice
936138,Grinders Rainforest Alliance Certified Coffee Beans Espresso 1kg,$28.00,$2.80 / 100G,/shop/productdetails/936138/grinders-rainforest-alliance-certified-coffee-beans-espresso
178861,Naked Life Non Alcoholic Negroni Spritz 250ml X4 Pack,$15.00,$15.00 / 1L,/shop/productdetails/178861/naked-life-non-alcoholic-negroni-spritz
259489,Australia's Own Kid's Milk Strawberry 200ml X 6 Pack,$4.50,$3.75 / 1L,/shop/productdetails/259489/australia-s-own-kid-s-milk-strawberry
91149,Harris Coffee Ground Strong 1kg,$26.00,$2.60 / 100G,/shop/productdetails/91149/harris-coffee-ground-strong
604171,L'or Espresso Lungo Profondo Intensity 8 Coffee Capsules 10 Pack,$5.50,$0.55 / 1EA,/shop/productdetails/604171/l-or-espresso-lungo-profondo-intensity-8-coffee-capsules
310704,Boost Energy Lift 1l,$5.80,$5.80 / 1L,/shop/productdetails/310704/boost-energy-lift
221408,Mother Razzle Berry Raspberry Flavoured Energy Drink 500ml X4 Pack,$7.15,$3.58 / 1L,/shop/productdetails/221408/mother-razzle-berry-raspberry-flavoured-energy-drink
317953,Preshafruit Cold Pressed Pink Lady Apple Juice 350ml,$3.80,$10.86 / 1L,/shop/productdetails/317953/preshafruit-cold-pressed-pink-lady-apple-juice
787164,Golden Circle Apple Blackcurrant Juice No Added Sugar Fruit Juices 2l,$4.80,$2.40 / 1L,/shop/productdetails/787164/golden-circle-apple-blackcurrant-juice-no-added-sugar-fruit-juices
90979,L'or Espresso Onyx Intensity 12 Coffee Capsules 40 Pack,$22.00,$0.55 / 1EA,/shop/productdetails/90979/l-or-espresso-onyx-intensity-12-coffee-capsules
175462,Caffe Aurora Freeze Dried Coffee Italian Style 100g,$7.00,$7.00 / 100G,/shop/productdetails/175462/caff-aurora-freeze-dried-coffee-italian-style
94126,Campos Superior Coffee Beans 500g,$29.00,$5.80 / 100G,/shop/productdetails/94126/campos-superior-coffee-beans
238684,Fanta What The Fanta? No Sugar 1.25l,N/A,N/A,/shop/productdetails/238684/fanta-what-the-fanta-no-sugar
805950,Nescafe Dolce Gusto Espresso Intenso Coffee Pods 16 Pack,$10.00,$0.63 / 1EA,/shop/productdetails/805950/nescafe-dolce-gusto-espresso-intenso-coffee-pods
103284,Nestle Malted Milk 500g,$10.00,$2.00 / 100G,/shop/productdetails/103284/nestle-malted-milk
52148,Bickford's Diet Lemon Cordial 750ml,$4.00,$5.33 / 1L,/shop/productdetails/52148/bickford-s-diet-lemon-cordial
240850,Bundaberg Diet Ginger Beer 750ml,$3.55,$4.73 / 1L,/shop/productdetails/240850/bundaberg-diet-ginger-beer
275313,T2 Watermelon Fiesta Low Sugar Herbal Blend Cans 240ml X 4 Pack,$10.00,$10.42 / 1L,/shop/productdetails/275313/t2-watermelon-fiesta-low-sugar-herbal-blend-cans
151242,Nescafe Farmers Origins Capsules Brazil 10 Pack,$5.20,$0.52 / 1EA,/shop/productdetails/151242/nescafe-farmers-origins-capsules-brazil
991958,Fitch & Leedes Pink G&t Non 300ml X 4 Pack,N/A,N/A,/shop/productdetails/991958/fitch-leedes-pink-g-t-non
116221,Red Eye Energy Drink Platinum 330ml,$2.90,$8.79 / 1L,/shop/productdetails/116221/red-eye-energy-drink-platinum
1074014370,SodaStream Terra Sparkling Water Maker - Red,$109.00,$109.00 / 1EA,/shop/productdetails/1074014370/sodastream-terra-sparkling-water-maker-red
180910,Coca - Cola Vanilla  Soft Drink Bottle 600ml,$4.05,$6.75 / 1L,/shop/productdetails/180910/coca-cola-vanilla-soft-drink-bottle
230703,Oxyshred Ultra Energy Zero Sugar Passionfruit Can 355ml,$6.00,$16.90 / 1L,/shop/productdetails/230703/oxyshred-ultra-energy-zero-sugar-passionfruit-can
128377,Campos Superior Ground Coffee 250g,$16.00,$6.40 / 100G,/shop/productdetails/128377/campos-superior-ground-coffee
213070,L'or Espresso Caramel Capsules 10 Pack,$5.50,$0.55 / 1EA,/shop/productdetails/213070/l-or-espresso-caramel-capsules
123514,Nudie Nothing But Pink Lemonade 2l,$8.50,$4.25 / 1L,/shop/productdetails/123514/nudie-nothing-but-pink-lemonade
977426,Xxxx Zero Bottles 330ml X 6 Pack,$12.00,$6.06 / 1L,/shop/productdetails/977426/xxxx-zero-bottles
28412,Lavazza A Modo Mio Intenso 16 Pack,$7.50,$0.47 / 1EA,/shop/productdetails/28412/lavazza-a-modo-mio-intenso
309661,Bickford's Apple & Blackcurrant Cordial 750ml,$4.00,$5.33 / 1L,/shop/productdetails/309661/bickford-s-apple-blackcurrant-cordial
478354,Bushells Powdered Coffee Classic 200g,$6.80,$3.40 / 100G,/shop/productdetails/478354/bushells-powdered-coffee-classic
711677,Daily Juice Breakfast 500ml,$2.80,$5.60 / 1L,/shop/productdetails/711677/daily-juice-breakfast
174539,Moccona Coffee Sachets Sweet Cappuccino 10 Pack,$3.50,$0.35 / 1EA,/shop/productdetails/174539/moccona-coffee-sachets-sweet-cappuccino
341166,Moccona Freeze Dried Instant Coffee Espresso Style 200g,$16.00,$8.00 / 100G,/shop/productdetails/341166/moccona-freeze-dried-instant-coffee-espresso-style
341164,Moccona Freeze Dried Instant Coffee Mocha Kenya Style 200g,$16.00,$8.00 / 100G,/shop/productdetails/341164/moccona-freeze-dried-instant-coffee-mocha-kenya-style
222700,Nescafe Vanilla Malt Latte 98% Sugar Free 10 Pack,$7.60,$0.76 / 1EA,/shop/productdetails/222700/nescafe-vanilla-malt-latte-98-sugar-free
742383,Higher Living Organic Daily Detox Tea Bags 15 Pack,$4.40,$0.29 / 1EA,/shop/productdetails/742383/higher-living-organic-daily-detox-tea-bags
219877,Ocean Spray Low Sugar Pineapple Cranberry Juice 1.5l,$5.00,$3.33 / 1L,/shop/productdetails/219877/ocean-spray-low-sugar-pineapple-cranberry-juice
229569,P&n Orange Mango Fruit Juice 2l,$3.50,$1.75 / 1L,/shop/productdetails/229569/p-n-orange-mango-fruit-juice
551886,Lavazza Prontissimo! Intenso Premium Instant Coffee 95g,$6.60,$6.95 / 100G,/shop/productdetails/551886/lavazza-prontissimo-intenso-premium-instant-coffee
1073863275,StrangeLove Yuzu Lo-Cal Soda 300ml Bottles - 6x4 Pack,$66.30,$9.21 / 1L,/shop/productdetails/1073863275/strangelove-yuzu-lo-cal-soda-300ml-bottles-6x4-pack
93039,Harris Coffee Ground Smooth 1kg,$26.00,$2.60 / 100G,/shop/productdetails/93039/harris-coffee-ground-smooth
797819,Pukka Tea Bags Lemon Ginger & Manuka Honey 20 Pack,$8.25,$0.41 / 1EA,/shop/productdetails/797819/pukka-tea-bags-lemon-ginger-manuka-honey
92219,Moccona Plant Based Coffee Sachets Soy Cappuccino 8 Pack,$3.50,$0.44 / 1EA,/shop/productdetails/92219/moccona-plant-based-coffee-sachets-soy-cappuccino
247557,Juice Lab Well Immune Multidose Orange Tumeric Ginger 350ml,$12.00,$34.29 / 1L,/shop/productdetails/247557/juice-lab-well-immune-multidose-orange-tumeric-ginger
732545,Moccona Freeze Dried Instant Coffee Hazelnut 95g,$11.50,$12.11 / 100G,/shop/productdetails/732545/moccona-freeze-dried-instant-coffee-hazelnut
700134,Avalanche 99% Sugar Free Cappucinno 10 Pack,$4.40,$0.44 / 1EA,/shop/productdetails/700134/avalanche-99-sugar-free-cappucinno
155681,Avalanche Strawberry Bubble Tea 5 Pack,$7.00,$1.40 / 1EA,/shop/productdetails/155681/avalanche-strawberry-bubble-tea
221517,Lipton Ice Tea No Sugar Lemon 500ml,$3.00,$6.00 / 1L,/shop/productdetails/221517/lipton-ice-tea-no-sugar-lemon
248497,Moccona Freeze Dried Instant Coffee Classic Dark Roast 100g,$11.50,$11.50 / 100G,/shop/productdetails/248497/moccona-freeze-dried-instant-coffee-classic-dark-roast
23772,Nexba Sugar Free Kombucha Mixed Berry 1l,$6.20,$6.20 / 1L,/shop/productdetails/23772/nexba-sugar-free-kombucha-mixed-berry
51655,"Golden Circle Apple, Mango & Banana Juice No Added Sugar Fruit Juices 2l",$4.80,$2.40 / 1L,/shop/productdetails/51655/golden-circle-apple-mango-banana-juice-no-added-sugar-fruit-juices
179179,Naked Life Non Alcoholic Margarita 250ml X4 Pack,$15.00,$15.00 / 1L,/shop/productdetails/179179/naked-life-non-alcoholic-margarita
307662,C4 Smart Energy Drink Watermelon Burst 473ml,$5.50,$11.63 / 1L,/shop/productdetails/307662/c4-smart-energy-drink-watermelon-burst
1074014371,SodaStream Jet Sparkling Water Maker - Black Metallic,$79.00,$79.00 / 1EA,/shop/productdetails/1074014371/sodastream-jet-sparkling-water-maker-black-metallic
230412,Vessel Sparkling Spring Water 750ml,$4.95,$6.60 / 1L,/shop/productdetails/230412/vessel-sparkling-spring-water
229724,Pepsi Max Lemon Cans 375ml X10 Pack,$9.90,$2.64 / 1L,/shop/productdetails/229724/pepsi-max-lemon-cans
175011,Pukka Night Time Berry Herbal Tea 20 Pack,$8.25,$0.41 / 1EA,/shop/productdetails/175011/pukka-night-time-berry-herbal-tea
157221,Mildura Apple & Guava 3l,$5.00,$1.67 / 1L,/shop/productdetails/157221/mildura-apple-guava
229433,P&n Mango Nectar Fruit Juice 2l,$4.00,$2.00 / 1L,/shop/productdetails/229433/p-n-mango-nectar-fruit-juice
254490,Jarrah Brazilian Café Latte Instant Coffee 250g,$7.50,$3.00 / 100G,/shop/productdetails/254490/jarrah-brazilian-caf-latte-instant-coffee
160019,Nestle Coffee & Milk Tin 395g,$5.00,$1.27 / 100G,/shop/productdetails/160019/nestle-coffee-milk-tin
155185,Avalanche Mango Bubble Tea 5 Pack,$7.00,$1.40 / 1EA,/shop/productdetails/155185/avalanche-mango-bubble-tea
46788,Bickford's Diet Lemon Lime & Bitters Cordial 750ml,$4.00,$5.33 / 1L,/shop/productdetails/46788/bickford-s-diet-lemon-lime-bitters-cordial
300885,Oxyshred Guava Paradise 355ml,$6.00,$16.90 / 1L,/shop/productdetails/300885/oxyshred-oxyshred-guava-paradise
227593,Bickford's Tropical Flavoured Cordial Sugar Free 750ml,$4.00,$5.33 / 1L,/shop/productdetails/227593/bickford-s-tropical-flavoured-cordial-sugar-free
829542,Grinders Coffee Capsules Crema Caffitaly System 10 Pack,$8.00,$0.80 / 1EA,/shop/productdetails/829542/grinders-coffee-capsules-crema-caffitaly-system
231553,Passiona Bottles 450ml X12 Pack,$20.00,$3.70 / 1L,/shop/productdetails/231553/passiona-bottles
157109,Daily Juice Apple & Blackcurrant Juice 2l,$5.00,$2.50 / 1L,/shop/productdetails/157109/daily-juice-apple-blackcurrant-juice
1073950496,Jarritos Watermelon 370mL x 24 Pack,$75.96,$0.86 / 100ML,/shop/productdetails/1073950496/jarritos-watermelon-370ml-x-24-pack
224622,Nescafe Choc Hazelnut Mocha 98% Sugar Free 10 Pack,$7.60,$0.76 / 1EA,/shop/productdetails/224622/nescafe-choc-hazelnut-mocha-98-sugar-free
144031,Nescafe Scorched Almond Mocha Coffee Sachets 10 Pack,$7.60,$0.76 / 1EA,/shop/productdetails/144031/nescafe-scorched-almond-mocha-coffee-sachets
226902,Avalanche Vanilla Chai Latte 10 Pack,$4.40,$0.44 / 1EA,/shop/productdetails/226902/avalanche-vanilla-chai-latte
156337,Moccona Barista Reserve Classic Creme Instant Coffee 95g,$11.50,$12.11 / 100G,/shop/productdetails/156337/moccona-barista-reserve-classic-creme-instant-coffee
220971,Monster Energy Ultra Gold 500ml,$2.85,$5.70 / 1L,/shop/productdetails/220971/monster-energy-ultra-gold
309497,Twinings French Earl Grey 80 Pack,$13.50,$0.17 / 1EA,/shop/productdetails/309497/twinings-french-earl-grey
286208,Vibe Focus Raspberry Flavoured Soda 330ml X 4 Pack,$10.00,$7.58 / 1L,/shop/productdetails/286208/vibe-focus-raspberry-flavoured-soda
1073992809,Musashi High Protein Shake Chocolate Box 6 x 375ml,$21.55,$5.75 / 100ML,/shop/productdetails/1073992809/musashi-high-protein-shake-chocolate-box-6-x-375ml
175503,Lo Bros Kombucha Pineapple & Lime 750ml,$7.50,$10.00 / 1L,/shop/productdetails/175503/lo-bros-kombucha-pineapple-lime
793509,Mother Energy Drink Frosty Berry Multipack Cans 500ml X4 Pack,$7.15,$3.58 / 1L,/shop/productdetails/793509/mother-energy-drink-frosty-berry-multipack-cans
146307,Buderim Ginger Cordial 750ml,$4.50,$6.00 / 1L,/shop/productdetails/146307/buderim-ginger-ginger-cordial
291041,Diet Rite Orange Mango 375ml X 12 Pack,$8.75,$1.94 / 1L,/shop/productdetails/291041/diet-rite-orange-mango
296721,Lo Bros Kombucha Blueberry & Lime 250ml X 4 Pack,$6.50,$6.50 / 1L,/shop/productdetails/296721/lo-bros-kombucha-blueberry-lime
158984,Caffe Aurora Espresso Blend Coffee Beans 1kg,$19.00,$1.90 / 100G,/shop/productdetails/158984/caff-aurora-espresso-blend-coffee-beans
787165,Golden Circle Orange Mango Juice No Added Sugar Fruit Juice Breakfast 2l,$4.80,$2.40 / 1L,/shop/productdetails/787165/golden-circle-orange-mango-juice-no-added-sugar-fruit-juice-breakfast
280397,V Energy Drink Tropical Tang Can 500ml,$3.50,$7.00 / 1L,/shop/productdetails/280397/v-energy-drink-tropical-tang-can
623069,Coca - Cola Zero Sugar Soft Drink Mini Can 250ml,$2.40,$9.60 / 1L,/shop/productdetails/623069/coca-cola-zero-sugar-soft-drink-mini-can
225651,Mood Tea Get On Up Pineapple & Cinnamon Tea Bags 10 Pack,$5.50,$0.55 / 1EA,/shop/productdetails/225651/mood-tea-get-on-up-pineapple-cinnamon-tea-bags
341165,Moccona Freeze Dried Instant Coffee French Style 200g,$16.00,$8.00 / 100G,/shop/productdetails/341165/moccona-freeze-dried-instant-coffee-french-style
229635,"Bickford's Orange, Lemon & Lime Cordial 750ml",$4.00,$5.33 / 1L,/shop/productdetails/229635/bickford-s-orange-lemon-lime-cordial
220958,Lavazza Crema E Gusto Nespresso Compatible Coffee Pods 30 Pack,$10.20,$0.34 / 1EA,/shop/productdetails/220958/lavazza-crema-e-gusto-nespresso-compatible-coffee-pods
938216,Eastcoast Orange Juice Pulp Free 2l,$6.25,$3.13 / 1L,/shop/productdetails/938216/eastcoast-orange-juice-pulp-free
71481,Moccona Freeze Dried Instant Coffee Indulgence 100g,$12.50,$12.50 / 100G,/shop/productdetails/71481/moccona-freeze-dried-instant-coffee-indulgence
159881,Buderim Ginger Refresher Cordial No Sugar 750ml,$4.50,$6.00 / 1L,/shop/productdetails/159881/buderim-ginger-ginger-refresher-cordial-no-sugar
976049,Heaps Normal Quiet Xpa Cans 375ml X 4 Pack,$16.00,,/shop/productdetails/976049/heaps-normal-quiet-xpa-cans
282527,V Energy Sugar Free Drink Blue Can 500ml X 4 Pack,$16.00,$8.00 / 1L,/shop/productdetails/282527/v-energy-sugar-free-drink-blue-can
124506,Daily Juice Breakfast Burst Juice 3l,$7.00,$2.33 / 1L,/shop/productdetails/124506/daily-juice-breakfast-burst-juice
261247,Fever Tree Mediterranean Light Tonic Water 8 X 150ml,N/A,N/A,/shop/productdetails/261247/fever-tree-mediterranean-light-tonic-water
223978,Gokids Vanilla Oat Milk 200ml,$3.30,$5.50 / 1L,/shop/productdetails/223978/gokids-vanilla-oat-milk
188087,Illy Ground Coffee Espresso 250g,$16.00,$6.40 / 100G,/shop/productdetails/188087/illy-ground-coffee-espresso
222912,Lavazza Espresso Intenso Nespresso Compatible Coffee Capsules 30 Pack,$10.20,$0.34 / 1EA,/shop/productdetails/222912/lavazza-espresso-intenso-nespresso-compatible-coffee-capsules
95935,Nestle Milo Original Flavoured Milk Can 240ml,$3.20,$13.33 / 1L,/shop/productdetails/95935/nestle-milo-original-flavoured-milk-can
1074294351,Schweppes 600ml Raspberry Flavour Pk24,$76.44,$5.31 / 1L,/shop/productdetails/1074294351/schweppes-600ml-raspberry-flavour-pk24
189081,Daily Juice Orange & Fibre 1l,$3.80,$3.80 / 1L,/shop/productdetails/189081/daily-juice-orange-fibre
157444,Higher Living Organic Digest Delight Tea Bags 15 Pack,$4.40,$0.29 / 1EA,/shop/productdetails/157444/higher-living-organic-digest-delight-tea-bags
159844,Nature's Cuppa Rich Roast Coffee Alternative Tin Caffeine Free 125g,$6.00,$4.80 / 100G,/shop/productdetails/159844/nature-s-cuppa-rich-roast-coffee-alternative-tin-caffeine-free
223752,Mother Energy Drink Lava Guava Can 500ml,$3.00,$6.00 / 1L,/shop/productdetails/223752/mother-energy-drink-lava-guava-can
284060,Ovaltine Lasting Energy 480g,$8.50,$1.77 / 100G,/shop/productdetails/284060/ovaltine-lasting-energy
1074294374,Fiji Water 500ml Natural Artesian Water Pk24,$49.69,$4.14 / 1L,/shop/productdetails/1074294374/fiji-water-500ml-natural-artesian-water-pk24
687035,Nescafe Gold Orginal Soluble Instant Coffee 100g,$11.50,$11.50 / 100G,/shop/productdetails/687035/nescafe-gold-orginal-soluble-instant-coffee
307009,C4 Smart Energy Icy Blue Razz Can 473ml,$5.50,$11.63 / 1L,/shop/productdetails/307009/c4-smart-energy-icy-blue-razz-can
161742,Grinders Rich Espresso Beans Rainforest Alliance Certified 1kg,$28.00,$2.80 / 100G,/shop/productdetails/161742/grinders-rich-espresso-beans-rainforest-alliance-certified
955848,"Eastcoast Jive Kiwi, Peach, Mango & Applie Smoothie 1l",$4.70,$4.70 / 1L,/shop/productdetails/955848/eastcoast-jive-kiwi-peach-mango-applie-smoothie
703743,Nescafe Gold Smooth Instant Coffee 180g,$15.00,$8.33 / 100G,/shop/productdetails/703743/nescafe-gold-smooth-instant-coffee
1074294405,Red Bull 250ml Energy Drink Sugar Free Can Pk24,$57.11,$9.52 / 1L,/shop/productdetails/1074294405/red-bull-250ml-energy-drink-sugar-free-can-pk24
470766,Boost All Berry Bang Juice 1l,$5.80,$5.80 / 1L,/shop/productdetails/470766/boost-all-berry-bang-juice
221028,Lavazza Espresso Intenso Nespresso Compatible Coffee Capsules 10 Pack,$4.14,$0.41 / 1EA,/shop/productdetails/221028/lavazza-espresso-intenso-nespresso-compatible-coffee-capsules
88122,Mcguigan Zero Alcohol Free Sparkling 750ml,$12.50,$16.67 / 1L,/shop/productdetails/88122/mcguigan-zero-alcohol-free-sparkling
229143,P&n Orange Juice 2l,$3.50,$1.75 / 1L,/shop/productdetails/229143/p-n-orange-juice
306678,C4 Smart Energy Peach Mango Nectar Can 473ml,$5.50,$11.63 / 1L,/shop/productdetails/306678/c4-smart-energy-peach-mango-nectar-can
267211,Nudie Nothing But Aloha 400ml,$3.90,$9.75 / 1L,/shop/productdetails/267211/nudie-nothing-but-aloha
276707,Australia's Own Lower Cholesterol Milk 1l,$2.90,$2.90 / 1L,/shop/productdetails/276707/australia-s-own-lower-cholesterol-milk
273644,Jiva Kombucha Watermelon Mint 300ml,$4.40,$14.67 / 1L,/shop/productdetails/273644/jiva-kombucha-watermelon-mint
301066,Nexba Vintage Cola 1l,$2.80,$2.80 / 1L,/shop/productdetails/301066/nexba-vintage-cola
223415,Vittoria Coffee Decaffinated Coffee Beans 500g,$25.00,$5.00 / 100G,/shop/productdetails/223415/vittoria-coffee-decaffinated-coffee-beans
158974,Caffe Aurora Italian Blend Coffee Beans 1kg,$19.00,$1.90 / 100G,/shop/productdetails/158974/caff-aurora-italian-blend-coffee-beans
678579,Belvoir Farm Elderflower & Rose Cordial 500ml,$6.30,$12.60 / 1L,/shop/productdetails/678579/belvoir-farm-elderflower-rose-cordial
678576,Belvoir Farm Elderflower Cordial 500ml,$6.30,$12.60 / 1L,/shop/productdetails/678576/belvoir-farm-elderflower-cordial
22552,Impressed Cold Pressed Juice Raspberry Beret 1l,$5.00,$5.00 / 1L,/shop/productdetails/22552/impressed-cold-pressed-juice-raspberry-beret
229872,Ovaltine Chocolate Light Break Energy Drink 400g,$8.50,$2.13 / 100G,/shop/productdetails/229872/ovaltine-chocolate-light-break-energy-drink
189736,The Juice Brothers Orange Pineapple 1.5l,$6.00,$4.00 / 1L,/shop/productdetails/189736/the-juice-brothers-orange-pineapple
938274,Eastcoast Orange & Passionfruit 2l,$6.25,$3.13 / 1L,/shop/productdetails/938274/eastcoast-orange-passionfruit
95682,Lavazza Qualita Oro Ground Coffee 250g,$6.30,$2.52 / 100G,/shop/productdetails/95682/lavazza-qualita-oro-ground-coffee
212138,Nescafe Blend 43 Espresso Soluble Instant Coffee 300g,$17.40,$5.80 / 100G,/shop/productdetails/212138/nescafe-blend-43-espresso-soluble-instant-coffee
323210,Woolworths Lime Cordial 750ml,$3.00,$4.00 / 1L,/shop/productdetails/323210/woolworths-lime-cordial
1074294295,Coca Cola 300ml Coke Glass Screw Bottle pk24,$55.94,$7.06 / 1L,/shop/productdetails/1074294295/coca-cola-300ml-coke-glass-screw-bottle-pk24
829495,Grinders Coffee Capsules Espresso Caffitaly System 10 Pack,$8.00,$0.80 / 1EA,/shop/productdetails/829495/grinders-coffee-capsules-espresso-caffitaly-system
603805,L'or Espresso Onyx Intensity 12 Coffee Capsules 10 Pack,$5.50,$0.55 / 1EA,/shop/productdetails/603805/l-or-espresso-onyx-intensity-12-coffee-capsules
222429,Naked Life Rose Sangria Spritz Non-alcoholic Cocktail Cans 250ml X4 Pack,$15.00,$15.00 / 1L,/shop/productdetails/222429/naked-life-rose-sangria-spritz-non-alcoholic-cocktail-cans
189294,Lotus Peak Bubble Tea Taro Can 490ml,$5.00,$10.20 / 1L,/shop/productdetails/189294/lotus-peak-bubble-tea-taro-can
740011,Nudie Nothing But Apple Juice 1l,$5.00,$5.00 / 1L,/shop/productdetails/740011/nudie-nothing-but-apple-juice
365244,Bickford's Blueberry Juice Drink 1l,$6.50,$6.50 / 1L,/shop/productdetails/365244/bickford-s-blueberry-juice-drink
222482,Lavazza Espresso Classico Nespresso Compatible Coffee Capsules 10 Pack,$4.14,$0.41 / 1EA,/shop/productdetails/222482/lavazza-espresso-classico-nespresso-compatible-coffee-capsules
94473,Sacred Grounds Breezy Blend Ground Coffee 200g,$9.00,$4.50 / 100G,/shop/productdetails/94473/sacred-grounds-breezy-blend-ground-coffee
222754,Plus & Minus Zero Alcohol Rose 750ml,$10.00,$13.33 / 1L,/shop/productdetails/222754/plus-minus-zero-alcohol-rose
214141,L'or Espresso Vanilla Capsules 10 Pack,$5.50,$0.55 / 1EA,/shop/productdetails/214141/l-or-espresso-vanilla-capsules
483609,Grinders Coffee Capsules Double Espresso Caffitaly System 10 Pack,$8.00,$0.80 / 1EA,/shop/productdetails/483609/grinders-coffee-capsules-double-espresso-caffitaly-system
825564,Golden Circle Apple Blackcurrant Juice No Added Sugar Fruit Juices 3l,$5.50,$1.83 / 1L,/shop/productdetails/825564/golden-circle-apple-blackcurrant-juice-no-added-sugar-fruit-juices
225951,Mood Peppermint & Passionflower Tea 10 Pack,$5.50,$0.55 / 1EA,/shop/productdetails/225951/mood-peppermint-passionflower-tea
164630,Ocean Spray Low Sugar Mango Cranberry Drink 1.5l,$5.00,$3.33 / 1L,/shop/productdetails/164630/ocean-spray-low-sugar-mango-cranberry-drink
95826,Sacred Grounds Single Origin Peru Ground Coffee 200g,$9.00,$4.50 / 100G,/shop/productdetails/95826/sacred-grounds-single-origin-peru-ground-coffee
829319,Espressotoria Espressotoria Mountain Grown Coffee Capsules 12 Pack,$6.00,$0.50 / 1EA,/shop/productdetails/829319/espressotoria-mountain-grown-coffee-capsules
225619,Pukka Peace Organic Tea 20 Pack,$8.25,$0.41 / 1EA,/shop/productdetails/225619/pukka-peace-organic-tea
792193,Coca - Cola Classic  Soft Drink Mini Can 250ml,$2.40,$9.60 / 1L,/shop/productdetails/792193/coca-cola-classic-soft-drink-mini-can-mini-can
1074294414,Coca Cola 600ml Coke No Sugar pk24,$78.01,$5.42 / 1L,/shop/productdetails/1074294414/coca-cola-600ml-coke-no-sugar-pk24
687063,Nescafe Gold Decaffeinated Instant Coffee 100g,$13.50,$13.50 / 100G,/shop/productdetails/687063/nescafe-gold-decaffeinated-instant-coffee
979820,Peroni Nastro Azzurro 0% Beer Bottles 330ml X 6 Pack,$14.50,,/shop/productdetails/979820/peroni-nastro-azzurro-0-beer-bottles
277314,T2 Lemon Coco Breeze Iced Tea 240ml X 4 Pack,$10.00,$1.04 / 1L,/shop/productdetails/277314/t2-lemon-coco-breeze-iced-tea
687036,Nescafe Gold Intense Soluble Instant Coffee 200g,$15.00,$7.50 / 100G,/shop/productdetails/687036/nescafe-gold-intense-soluble-instant-coffee
283433,V Energy Drink Tropical Tang Cans 500ml X 4 Pack,$16.00,$8.00 / 1L,/shop/productdetails/283433/v-energy-drink-tropical-tang-cans
309574,Bickford's Pineapple & Lime Cordial 750ml,$4.00,$5.33 / 1L,/shop/productdetails/309574/bickford-s-pineapple-lime-cordial
803079,Coca - Cola Zero Sugar Vanilla Soft Drink Bottle 600ml,$4.05,$6.75 / 1L,/shop/productdetails/803079/coca-cola-zero-sugar-vanilla-soft-drink-bottle
800489,Jarrah Salted Caramel Latte Instant Coffee 250g,$7.50,$3.00 / 100G,/shop/productdetails/800489/jarrah-salted-caramel-latte-instant-coffee
221858,Lavazza Crema E Gusto Nespresso Compatible Coffee Capsules 10 Pack,$4.14,$0.41 / 1EA,/shop/productdetails/221858/lavazza-crema-e-gusto-nespresso-compatible-coffee-capsules
155103,Horlicks Malt Drink 400g,$9.50,$2.38 / 100G,/shop/productdetails/155103/horlicks-malt-drink
687775,L'or Espresso Lungo Estremo Intensity 10 Coffee Capsules 10 Pack,$5.50,$0.55 / 1EA,/shop/productdetails/687775/l-or-espresso-lungo-estremo-intensity-10-coffee-capsules
86917,Lavazza Qualita Oro Ground Coffee 500g,$12.00,$2.40 / 100G,/shop/productdetails/86917/lavazza-qualita-oro-ground-coffee
155626,Avalanche Matcha Bubble Tea 5 Pack,$7.00,$1.40 / 1EA,/shop/productdetails/155626/avalanche-matcha-bubble-tea
604174,L'or Espresso Colombia Intensity 8 Coffee Capsules 10 Pack,$5.50,$0.55 / 1EA,/shop/productdetails/604174/l-or-espresso-colombia-intensity-8-coffee-capsules
222907,Vittoria Coffee Limited Edition Fashion Series Capsules 20 Pack,$13.00,$0.65 / 1EA,/shop/productdetails/222907/vittoria-coffee-limited-edition-fashion-series-capsules
700136,Avalanche 99% Sugar Free Caramel Latte 10 Pack,$4.40,$0.44 / 1EA,/shop/productdetails/700136/avalanche-99-sugar-free-caramel-latte
285384,Coca - Cola Raspberry Zero Sugar Soft Drink Bottle 600ml,$4.05,$6.75 / 1L,/shop/productdetails/285384/coca-cola-raspberry-zero-sugar-soft-drink-bottle
35051,Delta Chicco D'oro Ground Coffee 200g,$3.50,$1.75 / 100G,/shop/productdetails/35051/delta-chicco-d-oro-ground-coffee
684270,Boost Mango Tango 1l,$5.80,$5.80 / 1L,/shop/productdetails/684270/boost-mango-tango
352013,Fever-tree Premium Dry Ginger Ale  Bottles 200ml X 4 Pack,$8.00,$10.00 / 1L,/shop/productdetails/352013/fever-tree-premium-dry-ginger-ale-bottles
302584,Nudie Nothing But Winter Goodness Juice 2l,$8.50,$4.25 / 1L,/shop/productdetails/302584/nudie-nothing-but-winter-goodness-juice
1073863265,StrangeLove Sparkling Australian Mineral Water 330ml Cans - 6x4 Pack,$42.50,$5.37 / 1L,/shop/productdetails/1073863265/strangelove-sparkling-australian-mineral-water-330ml-cans-6x4-pack
213434,L'or Espresso Chocolate Capsules 10 Pack,$5.50,$0.55 / 1EA,/shop/productdetails/213434/l-or-espresso-chocolate-capsules
160221,L'or Espresso Colombia Andes Intensity 08 Coffee Capsules 40 Pack,$22.00,$0.55 / 1EA,/shop/productdetails/160221/l-or-espresso-colombia-andes-intensity-08-coffee-capsules
604173,L'or Espresso Papua New Guinea Intensity 7 Coffee Capsules 10 Pack,$5.50,$0.55 / 1EA,/shop/productdetails/604173/l-or-espresso-papua-new-guinea-intensity-7-coffee-capsules
95564,Lavazza Espresso Barista Perfetto Coffee Beans 1kg,$24.00,$2.40 / 100G,/shop/productdetails/95564/lavazza-espresso-barista-perfetto-coffee-beans
159246,Nescafe 98% Sugar Free Latte Caramel 26 Pack,$11.00,$0.42 / 1EA,/shop/productdetails/159246/nescafe-98-sugar-free-latte-caramel
222618,Campos King St Aluminium Coffee Capsules 10 Pack,$7.60,$0.76 / 1EA,/shop/productdetails/222618/campos-king-st-aluminium-coffee-capsules
766988,Red Bull Energy Drink Zero 250ml,$3.10,$12.40 / 1L,/shop/productdetails/766988/red-bull-energy-drink-zero
96518,Sacred Grounds Groover Blend Ground Coffee Beans 200g,$9.00,$4.50 / 100G,/shop/productdetails/96518/sacred-grounds-groover-blend-ground-coffee-beans
129713,Sacred Grounds Single Origin Peru Coffee Beans 500g,$20.00,$4.00 / 100G,/shop/productdetails/129713/sacred-grounds-single-origin-peru-coffee-beans
1074294287,Coca Cola 600ml Sprite pk24,$78.01,$5.42 / 1L,/shop/productdetails/1074294287/coca-cola-600ml-sprite-pk24
288444,Ovaltine Sleep Chocolate 400g,$9.50,$2.38 / 100G,/shop/productdetails/288444/ovaltine-sleep-chocolate
1074049680,rok Kombucha Passionfruit Rap 330ml x 8,$36.00,$13.64 / 1L,/shop/productdetails/1074049680/rok-kombucha-passionfruit-rap-330ml-x-8
1073932780,Artisan Drinks Australia - Skinny London Tonic 200ml × 24 Packs,$50.00,$1.04 / 100ML,/shop/productdetails/1073932780/artisan-drinks-australia-skinny-london-tonic-200ml-24-packs
271242,Daily Juice Green Mix 2l,$5.00,$2.50 / 1L,/shop/productdetails/271242/daily-juice-green-mix
160945,Lavazza Crema E Gusto Ground Coffee 1kg,$16.80,$1.68 / 100G,/shop/productdetails/160945/lavazza-crema-e-gusto-ground-coffee
1073863260,StrangeLove Double Ginger Beer Lo-Cal Soda 300ml Bottles - 6x4 Pack,$66.30,$9.21 / 1L,/shop/productdetails/1073863260/strangelove-double-ginger-beer-lo-cal-soda-300ml-bottles-6x4-pack
1073863264,StrangeLove Lime & Jalapeno Lo-Cal Soda 300ml Bottles - 6x4 Pack,$66.30,$9.21 / 1L,/shop/productdetails/1073863264/strangelove-lime-jalapeno-lo-cal-soda-300ml-bottles-6x4-pack
223874,Avalanche 99% Sugar Free Hazelnut Latte 10 Pack,$4.40,$0.44 / 1EA,/shop/productdetails/223874/avalanche-99-sugar-free-hazelnut-latte
309692,Bickford's Iced Coffee Syrup 50% Less Sugar 500ml,$6.00,$1.20 / 100ML,/shop/productdetails/309692/bickford-s-iced-coffee-syrup-50-less-sugar
230165,Level Lemonade 300ml X 4 Pack,$9.90,$8.25 / 1L,/shop/productdetails/230165/level-lemonade
275272,Solo Lemon Lime Zero Sugar 1.25l,$1.80,$1.44 / 1L,/shop/productdetails/275272/solo-lemon-lime-zero-sugar
1073863283,StrangeLove Infused Sparkling Water 4 Mixed Flavours 330ml Cans - 4x4 Pack,$34.00,$6.44 / 1L,/shop/productdetails/1073863283/strangelove-infused-sparkling-water-4-mixed-flavours-330ml-cans-4x4-pack
223005,Avalanche 99% Sugar Free Latte 10 Pack,$4.40,$0.44 / 1EA,/shop/productdetails/223005/avalanche-99-sugar-free-latte
189308,Daily Juice Green Blend & Folate 1l,$3.80,$3.80 / 1L,/shop/productdetails/189308/daily-juice-green-blend-folate
230822,Oxyshred Ultra Energy Zero Sugar Pina Colada Can 355ml,$6.00,$16.90 / 1L,/shop/productdetails/230822/oxyshred-ultra-energy-zero-sugar-pina-colada-can
247886,Remedy Organic Kombucha Orange Squeeze 250ml,$2.75,$11.00 / 1L,/shop/productdetails/247886/remedy-organic-kombucha-orange-squeeze
129812,Sacred Grounds Breezy Coffee Beans 500g,$20.00,$4.00 / 100G,/shop/productdetails/129812/sacred-grounds-breezy-coffee-beans
274043,Tonic Alchemy Boost Shot 90ml,$4.00,$44.44 / 1L,/shop/productdetails/274043/tonic-alchemy-boost-shot
192228,Woolworths Home Brew Lager 1.7kg,$11.00,$6.47 / 1KG,/shop/productdetails/192228/woolworths-home-brew-lager
1074294339,Coca Cola 300ml Coke No Sugar Glass Screw Bottle pk24,$56.07,$7.08 / 1L,/shop/productdetails/1074294339/coca-cola-300ml-coke-no-sugar-glass-screw-bottle-pk24
224342,Nescafe Gold Choc Mocha Inspired By Nestle Milkybar 8 Pack,$7.60,$0.95 / 1EA,/shop/productdetails/224342/nescafe-gold-choc-mocha-inspired-by-nestle-milkybar
750005,Devondale Full Cream Milk Powder 1kg,$16.50,$1.65 / 100G,/shop/productdetails/750005/devondale-full-cream-milk-powder
686999,Nescafe Gold Short Black Espresso Instant Coffee 100g,$13.50,$13.50 / 100G,/shop/productdetails/686999/nescafe-gold-short-black-espresso-instant-coffee
228342,Origin Tea Natural Chai Latte Powder 200g,$7.50,$3.75 / 100G,/shop/productdetails/228342/origin-tea-natural-chai-latte-powder
1074314833,Evian Natural Mineral Water Bottles 500ml (Box of 24),$52.00,$4.33 / 1L,/shop/productdetails/1074314833/evian-natural-mineral-water-bottles-500ml-box-of-24-
92218,Harris Coffee Ground Smooth 200g,$9.50,$4.75 / 100G,/shop/productdetails/92218/harris-coffee-ground-smooth
222156,Campos Decaf Ground Coffee 250g,$16.90,$6.76 / 100G,/shop/productdetails/222156/campos-decaf-ground-coffee
220985,Lavazza Espresso Barista Intenso Coffee Beans 500g,$12.60,$2.52 / 100G,/shop/productdetails/220985/lavazza-espresso-barista-intenso-coffee-beans
1074294327,Red Bull 250ml Green Edition pk12,$34.12,$11.37 / 1L,/shop/productdetails/1074294327/red-bull-250ml-green-edition-pk12
1073950493,Jarritos Guava 370mL x 24 Pack,$75.96,$0.86 / 100ML,/shop/productdetails/1073950493/jarritos-guava-370ml-x-24-pack
216874,Lo Bros Kombucha Orange & Mango 750ml,$7.50,$10.00 / 1L,/shop/productdetails/216874/lo-bros-kombucha-orange-mango
1073932837,Artisan Drinks Australia - Pink Citrus Tonic 200ml × 24 Packs,$50.00,$1.04 / 100ML,/shop/productdetails/1073932837/artisan-drinks-australia-pink-citrus-tonic-200ml-24-packs
1073950489,Jarritos Grapefruit 370mL x 24 Pack,$75.96,$0.86 / 100ML,/shop/productdetails/1073950489/jarritos-grapefruit-370ml-x-24-pack
272697,Republica Organic Coffee Ground Timor Espresso 200g,$7.50,$3.75 / 100G,/shop/productdetails/272697/republica-organic-coffee-ground-timor-espresso
1074314824,Evian Natural Mineral Water 1L Bottles (Box of 12),$48.00,$4.00 / 1L,/shop/productdetails/1074314824/evian-natural-mineral-water-1l-bottles-box-of-12-
1073950492,Jarritos Lime Lemon 370mL x 24 Pack,$75.96,$0.86 / 100ML,/shop/productdetails/1073950492/jarritos-lime-lemon-370ml-x-24-pack
231250,Mother Frosty Berry Energy Drink 375ml X 10 Pack,$14.15,$3.77 / 1L,/shop/productdetails/231250/mother-frosty-berry-energy-drink
156727,Nescafe Blend 43 Dark Roast Instant Coffee 8 Intensity 300g,$17.40,$5.80 / 100G,/shop/productdetails/156727/nescafe-blend-43-dark-roast-instant-coffee-8-intensity
222676,Plus & Minus Zero Alcohol Prosecco 750ml,$10.00,$13.33 / 1L,/shop/productdetails/222676/plus-minus-zero-alcohol-prosecco
1074294358,Red Bull 250ml Jade Edition Fig And Apple pk12,$34.12,$11.37 / 1L,/shop/productdetails/1074294358/red-bull-250ml-jade-edition-fig-and-apple-pk12
65691,Good Cocktail Co Margarita Cocktail Mixer 750ml,$12.00,$16.00 / 1L,/shop/productdetails/65691/good-cocktail-co-margarita-cocktail-mixer
151200,Nescafe Farmers Origins Capsules Africas 10 Pack,$5.20,$0.52 / 1EA,/shop/productdetails/151200/nescafe-farmers-origins-capsules-africas
159012,Caffe Aurora Prima Qualita Coffee Beans 1kg,$19.00,$1.90 / 100G,/shop/productdetails/159012/caff-aurora-prima-qualita-coffee-beans
254591,Nature's Cuppa Freeze Dried Coffee Eco Organic 100g,$12.00,$12.00 / 100G,/shop/productdetails/254591/nature-s-cuppa-freeze-dried-coffee-eco-organic
1073961630,Tea Gardens Sparkling Apple Cider Vinegar Lime 350ml,$29.90,$7.12 / 1L,/shop/productdetails/1073961630/tea-gardens-sparkling-apple-cider-vinegar-lime-350ml
787176,"Golden Circle Pear, Apple & Raspberry Juice No Added Sugar Fruit Juices 2l",$4.80,$2.40 / 1L,/shop/productdetails/787176/golden-circle-pear-apple-raspberry-juice-no-added-sugar-fruit-juices
125490,Sacred Grounds Groover Coffee Beans 500g,$20.00,$4.00 / 100G,/shop/productdetails/125490/sacred-grounds-groover-coffee-beans
1074294397,San Pellegrino 250ml Sparkling Mineral Water Glass Pk24,$45.09,$7.52 / 1L,/shop/productdetails/1074294397/san-pellegrino-250ml-sparkling-mineral-water-glass-pk24
286195,Vibe Gut Lemonade 330ml X 4 Pack,$10.00,$7.58 / 1L,/shop/productdetails/286195/vibe-gut-lemonade
955850,"Eastcoast Jive Kiwi, Peach, Mango & Applie Smoothie 300ml",$3.30,$11.00 / 1L,/shop/productdetails/955850/eastcoast-jive-kiwi-peach-mango-applie-smoothie
91097,Harris Coffee Ground Very Strong 200g,$9.50,$4.75 / 100G,/shop/productdetails/91097/harris-coffee-ground-very-strong
300877,Moccona Vanilla Mocha Coffee Cadbury 8 Pack,$3.50,$0.44 / 1EA,/shop/productdetails/300877/moccona-vanilla-mocha-coffee-cadbury
288082,Vibe Immunity Lemon Orange Flavoured Soda 330ml X 4 Pack,$10.00,$7.58 / 1L,/shop/productdetails/288082/vibe-immunity-lemon-orange-flavoured-soda
1073992812,Musashi Shred And Burn Protein Shake Chocolate Box 6 x 375ml,$24.25,$6.47 / 100ML,/shop/productdetails/1073992812/musashi-shred-and-burn-protein-shake-chocolate-box-6-x-375ml
296807,Perrier Sparkling Natural Mineral Water 1l,$4.30,$4.30 / 1L,/shop/productdetails/296807/perrier-sparkling-natural-mineral-water
1073902998,Famous Soda Co Pink Lemonade Soda 12 Pack x 330ml Bottle,$46.99,$11.87 / 1L,/shop/productdetails/1073902998/famous-soda-co-pink-lemonade-soda-12-pack-x-330ml-bottle
243795,Fanta Raspberry Zero Sugar Soft Drink Bottles 600ml,$4.05,$6.75 / 1L,/shop/productdetails/243795/fanta-raspberry-zero-sugar-soft-drink-bottles
311042,Bickford's Soda Syrup Pink Lemonade 300ml,$4.50,$15.00 / 1L,/shop/productdetails/311042/bickford-s-soda-syrup-pink-lemonade
230321,V Energy Refresh Cirtrus Lemonade Can 500ml,$3.50,$7.00 / 1L,/shop/productdetails/230321/v-energy-refresh-cirtrus-lemonade-can
798705,Espressotoria Aurora Coffee Italian Coffee Capsules 100g,$6.50,$0.54 / 1EA,/shop/productdetails/798705/espressotoria-aurora-coffee-italian-coffee-capsules
1073961577,Tea Gardens Probiotic Iced Tea Watermelon 800ml,$69.60,$3.63 / 1L,/shop/productdetails/1073961577/tea-gardens-probiotic-iced-tea-watermelon-800ml
829710,Woolworths Lemon Lime & Bitters 750ml,$3.00,$4.00 / 1L,/shop/productdetails/829710/woolworths-lemon-lime-bitters
371037,Moccona Freeze Dried Instant Coffee Rich 200g,$17.00,$8.50 / 100G,/shop/productdetails/371037/moccona-freeze-dried-instant-coffee-rich
405925,Montague Sparkling Apple Juice 300ml X4 Pack,N/A,N/A,/shop/productdetails/405925/montague-sparkling-apple-juice
1073863278,StrangeLove Mixed Top Sellers 300ml Bottles - 4x4 Pack,$42.50,$8.85 / 1L,/shop/productdetails/1073863278/strangelove-mixed-top-sellers-300ml-bottles-4x4-pack
307598,Arkadia Chai Tea Vanilla 8 Pack,$5.40,$0.68 / 1EA,/shop/productdetails/307598/arkadia-chai-tea-vanilla
33839,Bushells Coffee Essence Sweet Chicory 250ml,$5.00,$2.00 / 100ML,/shop/productdetails/33839/bushells-coffee-essence-sweet-chicory
273290,Eastcoast Mini Orange Juice 200ml,$2.00,$10.00 / 1L,/shop/productdetails/273290/eastcoast-mini-orange-juice
1073863262,StrangeLove Lemon Squash Lo-Cal Soda 300ml Bottles - 6x4 Pack,$66.30,$9.21 / 1L,/shop/productdetails/1073863262/strangelove-lemon-squash-lo-cal-soda-300ml-bottles-6x4-pack
229146,Bickford's 100% Juice Red Grape 1l,$6.50,$6.50 / 1L,/shop/productdetails/229146/bickford-s-100-juice-red-grape
222525,Naked Life Mojito Non-alcoholic Cocktail Cans 250ml X4 Pack,$15.00,$15.00 / 1L,/shop/productdetails/222525/naked-life-mojito-non-alcoholic-cocktail-cans
148882,No Ugly No Ugly Juice Sleep 250ml,$4.50,$1.80 / 100ML,/shop/productdetails/148882/no-ugly-juice-sleep
1074294303,USA Cans 355ml A&W Root Beer pk12,$34.12,$8.01 / 1L,/shop/productdetails/1074294303/usa-cans-355ml-a-w-root-beer-pk12
359115,Boost Energy Lift 350ml,$4.00,$11.43 / 1L,/shop/productdetails/359115/boost-energy-lift
306341,L'or Espresso Breakfast Collection Coffee Capsules 40 Pack,$22.00,$0.55 / 1EA,/shop/productdetails/306341/l-or-espresso-breakfast-collection-coffee-capsules
109485,Arkadia Chai Plant Based Tea 240g,$7.00,$2.92 / 100G,/shop/productdetails/109485/arkadia-chai-plant-based-tea
1073923138,Chai Tea Organic Rooibos Chai Tea Bags 20serve,$11.95,$0.60 / 1EA,/shop/productdetails/1073923138/chai-tea-organic-rooibos-chai-tea-bags-20serve
290704,P&n Fruit Drink Apple Crush 1l,N/A,N/A,/shop/productdetails/290704/p-n-fruit-drink-apple-crush
1074254359,SodaStream Classics Cream Soda Mix 440ml,$17.00,$17.00 / 1EA,/shop/productdetails/1074254359/sodastream-classics-cream-soda-mix-440ml
309607,Twinings Live Well Metabolism+ Flavoured Infusions 20 Pack,$4.25,$0.21 / 1EA,/shop/productdetails/309607/twinings-live-well-metabolism-flavoured-infusions
1073902977,Famous Soda Co Passionfruit Soda 12 Pack x 330 ml Bottle,$46.99,$11.87 / 1L,/shop/productdetails/1073902977/famous-soda-co-passionfruit-soda-12-pack-x-330-ml-bottle
51656,Golden Circle Multivitamin Juice Multi Vitamin Fruit Juices 2l,$4.80,$2.40 / 1L,/shop/productdetails/51656/golden-circle-multivitamin-juice-multi-vitamin-fruit-juices
65689,Good Cocktail Co Mojito Cocktail Mixer 750ml,$12.00,$16.00 / 1L,/shop/productdetails/65689/good-cocktail-co-mojito-cocktail-mixer
988120,Gordon's Alcohol Free Tonic & Lime Bottle 330ml X 4 Pack,$15.60,,/shop/productdetails/988120/gordon-s-alcohol-free-tonic-lime-bottle
222452,Lavazza Espresso Dek Cremoso Decaffeinated Coffee Capsules 16 Pack,$7.50,$0.47 / 1EA,/shop/productdetails/222452/lavazza-espresso-dek-cremoso-decaffeinated-coffee-capsules
266710,"Original Juice Veggie Goodness - Purple Carrot, Beetroot, Pumpkin 1l",$6.00,$6.00 / 1L,/shop/productdetails/266710/original-juice-veggie-goodness-purple-carrot-beetroot-pumpkin
804349,Woolworths Breakfast Juice 2l,N/A,N/A,/shop/productdetails/804349/woolworths-breakfast-juice
244282,Fanta Orange Zero Sugar Soft Drink Bottles 600ml,$4.05,$6.75 / 1L,/shop/productdetails/244282/fanta-orange-zero-sugar-soft-drink-bottles
255073,Fever Tree Pink Grapefruit Soda 500ml,$4.50,$9.00 / 1L,/shop/productdetails/255073/fever-tree-pink-grapefruit-soda
501935,Impressed Sunny Side Up Juice 325ml,$3.60,$11.08 / 1L,/shop/productdetails/501935/impressed-sunny-side-up-juice
164658,Heineken Alcohol Free Cans 330ml X6 Pack,$15.00,$7.58 / 1L,/shop/productdetails/164658/heineken-alcohol-free-cans
186780,Mcguigan Zero Alcohol Free Red Blend 750ml,$12.50,$16.67 / 1L,/shop/productdetails/186780/mcguigan-zero-alcohol-free-red-blend
159506,Nescafe 98% Sugar Free Mocha 26 Pack,$11.00,$0.42 / 1EA,/shop/productdetails/159506/nescafe-98-sugar-free-mocha
1074294386,Red Bull 250ml The Red Edition pk12,$34.12,$11.37 / 1L,/shop/productdetails/1074294386/red-bull-250ml-the-red-edition-pk12
313811,Bean Ground & Drunk Ground Coffee Organic Fairtrade Decaff 250g,$11.00,$4.40 / 100G,/shop/productdetails/313811/bean-ground-drunk-ground-coffee-organic-fairtrade-decaff
70446,Fever-tree Dry Ginger Ale 500ml,$4.50,$9.00 / 1L,/shop/productdetails/70446/fever-tree-dry-ginger-ale
733484,Grinders Crema Ground Rainforest Alliance Certified 200g,$8.80,$4.40 / 100G,/shop/productdetails/733484/grinders-crema-ground-rainforest-alliance-certified
63426,Jose Cuervo Margarita Cocktail Mix 1l,$14.00,$14.00 / 1L,/shop/productdetails/63426/jose-cuervo-margarita-cocktail-mix
95662,Lavazza Prontissimo Espresso 95g,$6.60,$6.95 / 100G,/shop/productdetails/95662/lavazza-prontissimo-espresso
239439,Lo Bros Fruit Crush 330ml,$4.00,$12.12 / 1L,/shop/productdetails/239439/lo-bros-fruit-crush
307989,Arkadia Chai Spice Tea 99% Sugar Free 8 Pack,$5.40,$0.68 / 1EA,/shop/productdetails/307989/arkadia-chai-spice-tea-99-sugar-free
306389,Arkadia Chai Tea Honey & Ginger 99% Sugar Free 200g,$7.00,$3.50 / 100G,/shop/productdetails/306389/arkadia-chai-tea-honey-ginger-99-sugar-free
139755,Edenvale Pinot Gris 750ml,$10.50,$14.00 / 1L,/shop/productdetails/139755/edenvale-pinot-gris
222658,Naked Life Sparkling Nootropics Glow Dragonfruit & Lychee Cans 250ml X4 Pack,$10.00,$10.00 / 1L,/shop/productdetails/222658/naked-life-sparkling-nootropics-glow-dragonfruit-lychee-cans
151045,Nescafe Farmers Origins Capsules Colombia 10 Pack,$5.20,$0.52 / 1EA,/shop/productdetails/151045/nescafe-farmers-origins-capsules-colombia
296511,Schweppes Elderflower Tonic Mini Cans 200ml X 6 Pack,$9.00,$7.50 / 1L,/shop/productdetails/296511/schweppes-elderflower-tonic-mini-cans
296717,Schweppes Low Sugar Tonic Mini Cans 200ml X 6 Pack,$9.00,$7.50 / 1L,/shop/productdetails/296717/schweppes-low-sugar-tonic-mini-cans
1073863266,StrangeLove Nectarine Sparkling Water 330m Cans - 6x4 Pack,$42.50,$5.37 / 1L,/shop/productdetails/1073863266/strangelove-nectarine-sparkling-water-330m-cans-6x4-pack
216877,4 Pines Ultra Low Alcohol Beer Cans 375ml X 4 Pack,$12.50,$8.33 / 1L,/shop/productdetails/216877/4-pines-ultra-low-alcohol-beer-cans
1073841259,Gift Pack Duo Non-Alcoholic Lautus Wines - Savvy Red & Merlot 750ml,$39.55,,/shop/productdetails/1073841259/gift-pack-duo-non-alcoholic-lautus-wines-savvy-red-merlot-750ml
103682,Golden Circle Apple Juice 50% Less Sugar Fruit Juices 2l,$5.10,$2.55 / 1L,/shop/productdetails/103682/golden-circle-apple-juice-50-less-sugar-fruit-juices
271008,Jiva Xtreme Beauty Shot Super Berry 100ml,$3.50,$35.00 / 1L,/shop/productdetails/271008/jiva-xtreme-beauty-shot-super-berry
249042,Juice Lab Digest Gut Health Super Shot 350ml,$12.00,$34.29 / 1L,/shop/productdetails/249042/juice-lab-digest-gut-health-super-shot
309532,Lavazza Espresso Barista Gran Crema Coffee Beans 500g,$12.60,$2.52 / 100G,/shop/productdetails/309532/lavazza-espresso-barista-gran-crema-coffee-beans
159158,Moccona Barista Reserve Blonde Roast Instant Coffee 95g,$11.50,$12.11 / 100G,/shop/productdetails/159158/moccona-barista-reserve-blonde-roast-instant-coffee
179141,Naked Life Non Alcoholic Scottish Sour 250ml X4 Pack,$15.00,$15.00 / 1L,/shop/productdetails/179141/naked-life-non-alcoholic-scottish-sour
687061,Nescafe Gold Green And Roasted Instant Coffee 100g,$13.50,$13.50 / 100G,/shop/productdetails/687061/nescafe-gold-green-and-roasted-instant-coffee
1074294417,Schweppes 600ml Mountain Dew Energize With Caffeine Pk24,$76.44,$5.31 / 1L,/shop/productdetails/1074294417/schweppes-600ml-mountain-dew-energize-with-caffeine-pk24
1074025875,Arkadia Handcrafted Tea Coffee Sticky Chai Bag 1kg,$57.00,$5.70 / 100G,/shop/productdetails/1074025875/arkadia-handcrafted-tea-coffee-sticky-chai-bag-1kg
227404,Buderim No Sugar Ginger Lemon Lime & Bitters Cordial 750ml,$4.50,$6.00 / 1L,/shop/productdetails/227404/buderim-ginger-no-sugar-ginger-lemon-lime-bitters-cordial
1073927567,Coco Coast Natural Coconut Water 500ml x 12 pack,$44.95,$7.49 / 1L,/shop/productdetails/1073927567/coco-coast-natural-coconut-water-500ml-x-12-pack
1074294406,Red Bull 355ml Energy Drink Sugar Free Can Pk24,$81.66,$9.58 / 1L,/shop/productdetails/1074294406/red-bull-355ml-energy-drink-sugar-free-can-pk24
273240,Tonic Alchemy Recover Shot 90ml,$4.00,$44.44 / 1L,/shop/productdetails/273240/tonic-alchemy-recover-shot
798707,Espressotoria Chicco D'oro Espresso Coffee Capsules 12 Pack,$4.90,$0.41 / 1EA,/shop/productdetails/798707/espressotoria-chicco-d-oro-espresso-coffee-capsules
151908,Ito En Organic Matcha Green Tea Powder 12 Pack,$15.00,$1.25 / 1EA,/shop/productdetails/151908/ito-en-organic-matcha-green-tea-powder
1073890974,Lo Bros Kombucha Soda Lemon Lime & Bitters Box 250ml 4pack X 6,$52.50,$0.88 / 100ML,/shop/productdetails/1073890974/lo-bros-kombucha-soda-lemon-lime-bitters-box-250ml-4pack-x-6
202653,No Ugly Gut Cranberry Wellness Tonic 250ml,$4.50,$1.80 / 100ML,/shop/productdetails/202653/no-ugly-gut-cranberry-wellness-tonic
1074294401,Red Bull 250ml Energy Drink Zero Pk24,$57.11,$9.52 / 1L,/shop/productdetails/1074294401/red-bull-250ml-energy-drink-zero-pk24
1073779531,Buddha Teas Turmeric Ginger Tea 18serve,$8.00,$0.44 / 1EA,/shop/productdetails/1073779531/buddha-teas-turmeric-ginger-tea-18serve
92393,Moccona Dark & Intense Dried Coffee 200g,$17.00,$8.50 / 100G,/shop/productdetails/92393/moccona-dark-intense-dried-coffee
1073992810,Musashi High Protein Shake Vanilla Box 6 x 375ml,$21.55,$5.75 / 100ML,/shop/productdetails/1073992810/musashi-high-protein-shake-vanilla-box-6-x-375ml
1073863257,StrangeLove Very Mandarin Lo-Cal Soda 300ml Bottles - 6x4 Pack,$66.30,$9.21 / 1L,/shop/productdetails/1073863257/strangelove-very-mandarin-lo-cal-soda-300ml-bottles-6x4-pack
1074303415,Fruity Burst 250ml Peppa Pig Orange Pk24,$51.37,$8.56 / 1L,/shop/productdetails/1074303415/fruity-burst-250ml-peppa-pig-orange-pk24
1073863267,StrangeLove Lemon Sparkling Water 330ml Cans - 6x4 Pack,$42.50,$5.37 / 1L,/shop/productdetails/1073863267/strangelove-lemon-sparkling-water-330ml-cans-6x4-pack
323213,Woolworths Lemon Mixer Cordial 750ml,$3.00,$4.00 / 1L,/shop/productdetails/323213/woolworths-lemon-mixer-cordial
157293,Arkadia Handcrafted Sticky Chai Loose Leaf Tea 105g,N/A,N/A,/shop/productdetails/157293/arkadia-handcrafted-sticky-chai-loose-leaf-tea
310037,Bickford's Soda Syrup Creamy Soda 300ml,$4.50,$15.00 / 1L,/shop/productdetails/310037/bickford-s-soda-syrup-creamy-soda
304181,Campos Roma Coffee Capsules 10 Pack,$7.60,$0.76 / 1EA,/shop/productdetails/304181/campos-roma-coffee-capsules
424700,Macro Coffee Beans Peruvian Dark 1kg,$29.00,$2.90 / 100G,/shop/productdetails/424700/macro-coffee-beans-peruvian-dark
1073863259,StrangeLove Holy Grapefruit Lo-Cal Soda 300ml Bottles Bottles - 6x4 Pack,$66.30,$9.21 / 1L,/shop/productdetails/1073863259/strangelove-holy-grapefruit-lo-cal-soda-300ml-bottles-bottles-6x4-pack
1073863282,StrangeLove Mixed Dark Spirits 300ml Bottles - 4x4 Pack,$45.00,$9.38 / 1L,/shop/productdetails/1073863282/strangelove-mixed-dark-spirits-300ml-bottles-4x4-pack
309679,Vittoria Black Valley Coffee Bags Extra Strong 20 Pack,$12.50,$0.63 / 1EA,/shop/productdetails/309679/vittoria-black-valley-coffee-bags-extra-strong
223781,Naked Life Cosmo Non-alcoholic Cocktail Cans 250ml X4 Pack,$15.00,$15.00 / 1L,/shop/productdetails/223781/naked-life-cosmo-non-alcoholic-cocktail-cans
710899,Remedy Organic Kombucha Ginger Lemon 250ml,$2.75,$11.00 / 1L,/shop/productdetails/710899/remedy-organic-kombucha-ginger-lemon
1074294335,San Pellegrino 500ml Sparkling Mineral Water Glass Pk24,$62.45,$5.20 / 1L,/shop/productdetails/1074294335/san-pellegrino-500ml-sparkling-mineral-water-glass-pk24
1073927572,Coco Coast Strawberry Coconut Water 500ml x 12 pack,$44.95,$7.49 / 1L,/shop/productdetails/1073927572/coco-coast-strawberry-coconut-water-500ml-x-12-pack
690361,Macro Organic Fairtrade Coffee Beans Medium 200g,$6.60,$3.30 / 100G,/shop/productdetails/690361/macro-organic-fairtrade-coffee-beans-medium
222538,Naked Life Sparkling Nootropics Calm Passionfruit Cans 250ml X4 Pack,$10.00,$10.00 / 1L,/shop/productdetails/222538/naked-life-sparkling-nootropics-calm-passionfruit-cans
1073863279,StrangeLove Mixed Tonic 180ml Bottles - 4x4 Pack,$42.50,$8.85 / 1L,/shop/productdetails/1073863279/strangelove-mixed-tonic-180ml-bottles-4x4-pack
1073863268,StrangeLove Still Australian Mineral Water 330ml Cans - 6x4 Pack,$42.50,$5.37 / 1L,/shop/productdetails/1073863268/strangelove-still-australian-mineral-water-330ml-cans-6x4-pack
1073903014,Famous Soda Co Pink Lemonade Soda 12 Pack x 250ml Cans,$26.99,$9.00 / 1L,/shop/productdetails/1073903014/famous-soda-co-pink-lemonade-soda-12-pack-x-250ml-cans
222537,Naked Life Sparkling Nootropics Focus Mixed Berries Cans 250ml X4 Pack,$10.00,$10.00 / 1L,/shop/productdetails/222537/naked-life-sparkling-nootropics-focus-mixed-berries-cans
151201,Nescafe Farmers Origins Capsules India 10 Pack,$5.20,$0.52 / 1EA,/shop/productdetails/151201/nescafe-farmers-origins-capsules-india
187224,Nexba Tropical Gut Naturally Sugar Free Nootropic 330ml X4 Pack,$8.55,$6.48 / 1L,/shop/productdetails/187224/nexba-tropical-gut-naturally-sugar-free-nootropic
1073972004,Tea Gardens Sparkling Apple Cider Vinegar Apple 350ml,$29.90,$7.12 / 1L,/shop/productdetails/1073972004/tea-gardens-sparkling-apple-cider-vinegar-apple-350ml
1074005527,Byron Bay Gifts Thank You Christmas Hampers,$109.00,,/shop/productdetails/1074005527/byron-bay-gifts-thank-you-christmas-hampers
273238,Eastcoast Mini 100% Apple Juice 200ml,$2.00,$10.00 / 1L,/shop/productdetails/273238/eastcoast-mini-100-apple-juice
1073950518,Jarritos Mexican Cola 370mL x 24 Pack,$75.96,$0.86 / 100ML,/shop/productdetails/1073950518/jarritos-mexican-cola-370ml-x-24-pack
250904,Naked Life Calm+ Sparkling Mineral Water Passionfruit Can 250ml,$3.50,$14.00 / 1L,/shop/productdetails/250904/naked-life-calm-sparkling-mineral-water-passionfruit-can
187309,Nexba Lemon & Ginger Immunity Naturally Sugar Free Nootropic 330ml X4 Pack,$8.55,$6.48 / 1L,/shop/productdetails/187309/nexba-lemon-ginger-immunity-naturally-sugar-free-nootropic
1073863254,StrangeLove Dry Ginger Ale 180ml Bottles - 6x4 Pack,$51.00,$11.81 / 1L,/shop/productdetails/1073863254/strangelove-dry-ginger-ale-180ml-bottles-6x4-pack
158982,Caffe Aurora Ground Coffee Italian Blend 1kg,$19.00,$1.90 / 100G,/shop/productdetails/158982/caff-aurora-ground-coffee-italian-blend
226684,Delta Chicco D'oro Ground Coffee 1kg,$15.00,$1.50 / 100G,/shop/productdetails/226684/delta-chicco-d-oro-ground-coffee
1073927502,Kool Aid Grape Powder Drink Mix Canister 583g 2PK,$31.00,$15.50 / 1EA,/shop/productdetails/1073927502/kool-aid-grape-powder-drink-mix-canister-583g-2pk
309654,Lavazza Espresso Maestro Ristretto Dark Roast Nespresso Capsules 10 Pack,$4.14,$0.41 / 1EA,/shop/productdetails/309654/lavazza-espresso-maestro-ristretto-dark-roast-nespresso-capsules
307259,Sacred Grounds Seeker Blend Whole Coffee Beans 500g,$20.00,$4.00 / 100G,/shop/productdetails/307259/sacred-grounds-seeker-blend-whole-coffee-beans
1074294334,Schweppes 600ml Pepsi Max Pk24,$76.44,$5.31 / 1L,/shop/productdetails/1074294334/schweppes-600ml-pepsi-max-pk24
1073962822,Yun Pufa health bag infusion tea Fu Ling Jiu Wei Pu Er Tea 15pcs*4.6g,$20.79,$30.13 / 100G,/shop/productdetails/1073962822/yun-pufa-health-bag-infusion-tea-fu-ling-jiu-wei-pu-er-tea-15pcs-4-6g
308055,Arkadia Chai Tea Extra Spice 8 Pack,$5.40,$0.68 / 1EA,/shop/productdetails/308055/arkadia-chai-tea-extra-spice
1074209376,BEAUTYAQUA Essentials Tropical Spring Water Spritzer 12 x 300ml Sparkling,$42.00,$1.17 / 100ML,/shop/productdetails/1074209376/beautyaqua-essentials-tropical-spring-water-spritzer-12-x-300ml-sparkling
223402,Campos Decaf Coffee Beans 500g,$29.50,$5.90 / 100G,/shop/productdetails/223402/campos-decaf-coffee-beans
222773,Campos Indonesia Aluminium Coffee Capsules 10 Pack,$7.60,$0.76 / 1EA,/shop/productdetails/222773/campos-indonesia-aluminium-coffee-capsules
1074294354,Nutrient Water 575ml Pineapple Watermelon (Multi-V) Pk12,$43.53,$6.31 / 1L,/shop/productdetails/1074294354/nutrient-water-575ml-pineapple-watermelon-multi-v-pk12
1073961555,Tea Gardens Kombucha 350ml Pomegranate Apple x 48,$69.90,$4.16 / 1L,/shop/productdetails/1073961555/tea-gardens-kombucha-350ml-pomegranate-apple-x-48
222916,"Vittoria Coffee Beans Crafted For Almond, Oat & Soy Milk 500g",$21.00,$4.20 / 100G,/shop/productdetails/222916/vittoria-coffee-beans-crafted-for-almond-oat-soy-milk
1073933046,Artisan Drinks Australia - Violet Blossom Tonic 200ml × 24 Packs,$50.00,$1.04 / 100ML,/shop/productdetails/1073933046/artisan-drinks-australia-violet-blossom-tonic-200ml-24-packs
938254,Eastcoast Country Style Lemonade 2l,$6.25,$3.13 / 1L,/shop/productdetails/938254/eastcoast-country-style-lemonade
222739,Hardys Zero Sparkling Alcohol Free Chardonnay 750ml,$13.00,$17.33 / 1L,/shop/productdetails/222739/hardys-zero-sparkling-alcohol-free-chardonnay
222615,Naked Life Sparkling Nootropics Energise Citrus Burst Cans 250ml X4 Pack,$10.00,$10.00 / 1L,/shop/productdetails/222615/naked-life-sparkling-nootropics-energise-citrus-burst-cans
688715,Nescafe Gold Smooth 90g,$11.50,$12.78 / 100G,/shop/productdetails/688715/nescafe-gold-smooth
1073961619,Tea Gardens Kombucha Mango 800ml,$69.60,$3.63 / 1L,/shop/productdetails/1073961619/tea-gardens-kombucha-mango-800ml
1074294359,USA Cans 355ml Cherry Coke Pk12,$34.12,$8.01 / 1L,/shop/productdetails/1074294359/usa-cans-355ml-cherry-coke-pk12
300886,Starbucks By Nespresso Blonde Roast Coffee Capsules 36 Pack,$22.00,$0.61 / 1EA,/shop/productdetails/300886/starbucks-by-nespresso-blonde-roast-coffee-capsules
1073863258,StrangeLove Cloudy Pear & Cinnamon Lo-Cal Soda 300ml Bottles - 6x4 Pack,$66.30,$9.21 / 1L,/shop/productdetails/1073863258/strangelove-cloudy-pear-cinnamon-lo-cal-soda-300ml-bottles-6x4-pack
1073863276,StrangeLove Guava Sparkling Water 330ml Cans - 6x4 Pack,$42.50,$5.37 / 1L,/shop/productdetails/1073863276/strangelove-guava-sparkling-water-330ml-cans-6x4-pack
1073863269,StrangeLove Pineapple Sparkling Water 330ml Cans - 6x4 Pack,$42.50,$5.37 / 1L,/shop/productdetails/1073863269/strangelove-pineapple-sparkling-water-330ml-cans-6x4-pack
808083,Boost Berry Happy 350ml,$4.00,$11.43 / 1L,/shop/productdetails/808083/boost-berry-happy
1073962814,Coconut Tree Coconut Juice 245mlx6Pack,$20.99,$14.58 / 1L,/shop/productdetails/1073962814/coconut-tree-coconut-juice-245mlx6pack
279846,H2juice Pink Guava Juice 1.25l,$4.00,$3.20 / 1L,/shop/productdetails/279846/h2juice-pink-guava-juice
160259,Juicy Isle Apple & Blackcurrant Cordial 2l,$4.50,$2.25 / 1L,/shop/productdetails/160259/juicy-isle-apple-blackcurrant-cordial
419357,Queen Garnet Fruit Nectar Plum 250ml,$5.00,$20.00 / 1L,/shop/productdetails/419357/queen-garnet-fruit-nectar-plum
1074294416,Schweppes 300ml Pepsi Max Glass Pk24,$44.04,$6.12 / 1L,/shop/productdetails/1074294416/schweppes-300ml-pepsi-max-glass-pk24
1074254483,SodaStream Classic Mix Summer Lemon 440ml,$17.00,$17.00 / 1EA,/shop/productdetails/1074254483/sodastream-classic-mix-summer-lemon-440ml
1073935665,Whisky And More! Gift Hamper,$290.00,,/shop/productdetails/1073935665/whisky-and-more-gift-hamper
309822,Bickford's Soda Syrup Sour Apple 300ml,$4.50,$15.00 / 1L,/shop/productdetails/309822/bickford-s-soda-syrup-sour-apple
273752,Eastcoast 100% Apple Juice 2l,$6.25,$3.13 / 1L,/shop/productdetails/273752/eastcoast-100-apple-juice
1073779153,Fijian Noni Juice 100% 1l,$44.60,$4.46 / 100ML,/shop/productdetails/1073779153/fijian-noni-juice-100-1l
1074303408,Fruity Burst 250ml Dora Orange pk24,$51.37,$8.56 / 1L,/shop/productdetails/1074303408/fruity-burst-250ml-dora-orange-pk24
1074303413,Fruity Burst 250ml Minions Orange pk24,$51.37,$8.56 / 1L,/shop/productdetails/1074303413/fruity-burst-250ml-minions-orange-pk24
1074303417,Fruity Burst 250ml Superman Orange Pk24,$51.37,$8.56 / 1L,/shop/productdetails/1074303417/fruity-burst-250ml-superman-orange-pk24
1073865636,Golden Wattle Chamomile Paradise 50g,$15.00,$30.00 / 100G,/shop/productdetails/1073865636/golden-wattle-chamomile-paradise-50g
1073865607,Golden Wattle Four Tea Gift Box For Her 4pack,$52.80,,/shop/productdetails/1073865607/golden-wattle-four-tea-gift-box-for-her-4pack
1073837681,Hemp Oz Soothing Tea - Digest (Gut Health) 85G,$18.95,$22.29 / 100G,/shop/productdetails/1073837681/hemp-oz-soothing-tea-digest-gut-health-85g
1074025785,Illy Classico 100% Arabica Esspresso Classic Roast Coffe Bean 1.5kg,$127.00,,/shop/productdetails/1074025785/illy-classico-100-arabica-esspresso-classic-roast-coffe-bean-1-5kg
1073950510,Joe's Classics Apple & Blackcurrant 350mL x 12 Pack,$35.32,$0.84 / 100ML,/shop/productdetails/1073950510/joe-s-classics-apple-blackcurrant-350ml-x-12-pack
1073972406,Jomeis Fine Foods The Cravings Fixer Bundle - 360 g,$44.95,$44.95 / 1EA,/shop/productdetails/1073972406/jomeis-fine-foods-the-cravings-fixer-bundle-360-g
1074051260,Kool Aid Sugar Cherry Flavoured Drink Mix Tub Instant Powder 2PK 538g,$32.00,$16.00 / 1EA,/shop/productdetails/1074051260/kool-aid-sugar-cherry-flavoured-drink-mix-tub-instant-powder-2pk-538g
1074294317,Schweppes 300ml Lemonade Pk24,$44.04,$6.12 / 1L,/shop/productdetails/1074294317/schweppes-300ml-lemonade-pk24
1074294367,Schweppes 600ml Lemonade Pk24,$76.44,$5.31 / 1L,/shop/productdetails/1074294367/schweppes-600ml-lemonade-pk24
1073961576,Tea Gardens Probiotic Iced Tea Passionfruit 800ml x 24,$69.60,$3.63 / 1L,/shop/productdetails/1073961576/tea-gardens-probiotic-iced-tea-passionfruit-800ml-x-24
272946,Tonic Alchemy Restore Shot 90ml,$4.00,$44.44 / 1L,/shop/productdetails/272946/tonic-alchemy-tonic-alchemy-restore-shot
310815,Vittoria Mountain Grown Coffee Capsules 20 Pack,$13.00,$0.65 / 1EA,/shop/productdetails/310815/vittoria-mountain-grown-coffee-capsules
1074049682,Waves & Caves Lemonade 330ml x 12,$45.00,$11.36 / 1L,/shop/productdetails/1074049682/waves-caves-lemonade-330ml-x-12
307547,Arkadia Chai Tea Vanilla 99% Sugar Free 8 Pack,$5.40,$0.68 / 1EA,/shop/productdetails/307547/arkadia-chai-tea-vanilla-99-sugar-free
886847,"Bundaberg Lemon,lime & Bitters 10x375ml",N/A,N/A,/shop/productdetails/886847/bundaberg-lemon-lime-bitters
93182,Fanta Orange Soft Drink Bottle 600ml,$4.05,$6.75 / 1L,/shop/productdetails/93182/fanta-orange-soft-drink-bottle
1074303418,Fruity Burst 250ml Thomas Apple Pk24,$51.37,$8.56 / 1L,/shop/productdetails/1074303418/fruity-burst-250ml-thomas-apple-pk24
153332,Madura Te Chai Leaf Tea 170g,$11.50,$6.76 / 100G,/shop/productdetails/153332/madura-te-chai-leaf-tea
1073992811,Musashi Muscle Recovery Protein Shake Chocolate Box 6 x 375ml,$24.25,$6.47 / 100ML,/shop/productdetails/1073992811/musashi-muscle-recovery-protein-shake-chocolate-box-6-x-375ml
187414,Nexba Passionfruit Focus Naturally Sugar Free Nootropic 330ml X4 Pack,$8.55,$6.48 / 1L,/shop/productdetails/187414/nexba-passionfruit-focus-naturally-sugar-free-nootropic
997711,Nort Refreshing Ale Bottles 330ml X6 Pack,$16.00,$8.08 / 1L,/shop/productdetails/997711/modus-operandi-nort-refreshing-ale-bottles
161642,Juicy Isle Fruit Cocktail Flavoured Cordial 2l,$4.50,$2.25 / 1L,/shop/productdetails/161642/juicy-isle-fruit-cocktail-flavoured-cordial
277540,Minor Figures Barista Oat Low Sugar Milk 1l,$4.40,$4.40 / 1L,/shop/productdetails/277540/minor-figures-barista-oat-low-sugar-milk
1074254345,SodaStream Classics Ginger Ale Mix 440ml,$17.00,$17.00 / 1EA,/shop/productdetails/1074254345/sodastream-classics-ginger-ale-mix-440ml
1073927568,Coco Coast Passionfruit Coconut Water 500ml x 12 pack,$44.95,$7.49 / 1L,/shop/productdetails/1073927568/coco-coast-passionfruit-coconut-water-500ml-x-12-pack
44917,Negrita Ground Coffee Turkish Dark Roast 200g,$5.50,$2.75 / 100G,/shop/productdetails/44917/negrita-ground-coffee-turkish-dark-roast
1074254487,SodaStream Zeros Mix Cranberry Raspberry Low Sugar 440ml,$19.00,$19.00 / 1EA,/shop/productdetails/1074254487/sodastream-zeros-mix-cranberry-raspberry-low-sugar-440ml
229242,Bickford's Pineapple & Mango Juice 1l,$6.50,$6.50 / 1L,/shop/productdetails/229242/bickford-s-pineapple-mango-juice
159898,Caffe Aurora Ground Coffee Italian Blend 500g,$11.00,$2.20 / 100G,/shop/productdetails/159898/caff-aurora-ground-coffee-italian-blend
103692,Golden Circle Orange Juice 50% Less Sugar Fruit Juices Oj 2l,$5.10,$2.55 / 1L,/shop/productdetails/103692/golden-circle-orange-juice-50-less-sugar-fruit-juices-oj
1073927571,Coco Coast Yuzu Coconut Water 500ml x 12 pack,$44.95,$7.49 / 1L,/shop/productdetails/1073927571/coco-coast-yuzu-coconut-water-500ml-x-12-pack
1073863255,StrangeLove Salted Grapefruit 180ml Bottles - 6x4 Pack,$51.00,$11.81 / 1L,/shop/productdetails/1073863255/strangelove-salted-grapefruit-180ml-bottles-6x4-pack
98838,Bundaberg Ginger Beer 375ml,$3.30,$8.80 / 1L,/shop/productdetails/98838/bundaberg-ginger-beer
1073983162,Genki Forest Sparking Soda Water Citrus Flavor 480ml x 12Bottle,$29.99,$10.41 / 1L,/shop/productdetails/1073983162/genki-forest-sparking-soda-water-citrus-flavor-480ml-x-12bottle
1073863261,StrangeLove Smoked Cola Lo-Cal Soda 300ml Bottles - 6x4 Pack,$66.30,$9.21 / 1L,/shop/productdetails/1073863261/strangelove-smoked-cola-lo-cal-soda-300ml-bottles-6x4-pack
997314,The Hills Cider Co Virgin Apple Cider Bottles 330ml X6 Pack,$13.00,$6.57 / 1L,/shop/productdetails/997314/hills-cider-the-hills-cider-co-virgin-apple-cider-bottles
306380,Twinings English Breakfast Loose Leaf Tea Extra Strong 125g,$6.50,$5.20 / 100G,/shop/productdetails/306380/twinings-english-breakfast-loose-leaf-tea-extra-strong
1073962825,Yun Pufa Nourishing Bag Infusion Tea Ginseng Five Flowers Pu'er Tea 15pcs*4.6g,$23.99,$34.77 / 100G,/shop/productdetails/1073962825/yun-pufa-nourishing-bag-infusion-tea-ginseng-five-flowers-pu-er-tea-15pcs-4-6g
161073,Juicy Isle Lime Flavoured Cordial 2l,$4.50,$2.25 / 1L,/shop/productdetails/161073/juicy-isle-lime-flavoured-cordial
309662,Lavazza Tales Of Italy Eternal Roma Coffee Beans 500g,$15.00,$3.00 / 100G,/shop/productdetails/309662/lavazza-tales-of-italy-eternal-roma-coffee-beans
290651,P&n Fruit Drink Golden Crush 1l,N/A,N/A,/shop/productdetails/290651/p-n-fruit-drink-golden-crush
290703,P&n Fruit Drink Tropical 1l,N/A,N/A,/shop/productdetails/290703/p-n-fruit-drink-tropical
232543,Pip Squeeze Orange Juice With Pulp 500ml,$2.30,$4.60 / 1L,/shop/productdetails/232543/pip-squeeze-orange-juice-with-pulp
222757,Quarterpast Iced Coffee Beverage Concentrate Original 360ml,$6.75,$18.75 / 1L,/shop/productdetails/222757/quarterpast-iced-coffee-beverage-concentrate-original
307057,Campos Chapel Street Coffee Capsules 10 Pack,$7.60,$0.76 / 1EA,/shop/productdetails/307057/campos-chapel-street-coffee-capsules
1073959574,Pukka Herbs ChamomileVanilla Manuka Honey Tea 2x20packs,$17.90,$0.45 / 1EA,/shop/productdetails/1073959574/pukka-herbs-chamomilevanilla-manuka-honey-tea-2x20packs
1073950504,Aloe Mate Aloe Vera Original 500mL x 20 Pack,$48.46,$0.48 / 100ML,/shop/productdetails/1073950504/aloe-mate-aloe-vera-original-500ml-x-20-pack
227824,Chatime Passionfruit Iced Bubble Tea 4 Pack,$10.00,$2.50 / 1EA,/shop/productdetails/227824/chatime-passionfruit-iced-bubble-tea
1073841258,Gift Pack Duo Non-Alcoholic Lautus Wines - Savvy White & Moscato Rosé 750ml,$25.45,,/shop/productdetails/1073841258/gift-pack-duo-non-alcoholic-lautus-wines-savvy-white-moscato-ros-750ml
219996,Ocean Spray Low Sugar Blueberry Juice 1.5l,$5.00,$3.33 / 1L,/shop/productdetails/219996/ocean-spray-low-sugar-blueberry-juice
1073927526,Arkadia Caramel Syrup 750ml,$29.00,$3.87 / 100ML,/shop/productdetails/1073927526/arkadia-caramel-syrup-750ml
227178,Chatime Brown Sugar Milk Bubble Tea 4 Pack,$10.00,$2.50 / 1EA,/shop/productdetails/227178/chatime-brown-sugar-milk-bubble-tea
290949,Chatime Bubble Milk Tea Kit 4 Pack,$10.00,$2.50 / 1EA,/shop/productdetails/290949/chatime-bubble-milk-tea-kit
182239,Chatime Mango Iced Bubble Tea With Popping Pearls 4 Pack,$10.00,$2.50 / 1EA,/shop/productdetails/182239/chatime-mango-iced-bubble-tea-with-popping-pearls
271203,Daily Juice Green Blend With Plant Protein 300ml,$2.90,$9.67 / 1L,/shop/productdetails/271203/daily-juice-green-blend-with-plant-protein
991846,Devil's Peak Hero Non Alcoholic 330ml X 6 Pack,$13.00,,/shop/productdetails/991846/devils-peak-devil-s-peak-hero-non-alcoholic
179181,Naked Life Non Alcoholic Canadian Rye Spirit Dry & Lime 250ml X4 Pack,$15.00,$15.00 / 1L,/shop/productdetails/179181/naked-life-non-alcoholic-canadian-rye-spirit-dry-lime
246700,Pepsi Max Lemon Soft Drink Bottle 600ml,$3.65,$6.08 / 1L,/shop/productdetails/246700/pepsi-max-lemon-soft-drink-bottle
106546,Juicy Isle Organic Orange Juice 1.5l,$5.50,$3.67 / 1L,/shop/productdetails/106546/juicy-isle-organic-orange-juice
309672,Lavazza Espresso Barista Organic Coffee Beans 1kg,$26.40,$2.64 / 100G,/shop/productdetails/309672/lavazza-espresso-barista-organic-coffee-beans
309652,Lavazza Tales Of Italy Refined Milano Ground Coffee 250g,$8.40,$3.36 / 100G,/shop/productdetails/309652/lavazza-tales-of-italy-refined-milano-ground-coffee
278666,Natvia Relax Drinking Chocolate 200g,$7.00,$3.50 / 100G,/shop/productdetails/278666/natvia-relax-drinking-chocolate
1074294331,Nutrient Water 575ml Blackberry Goji (Focus) Pk12,$43.53,$6.31 / 1L,/shop/productdetails/1074294331/nutrient-water-575ml-blackberry-goji-focus-pk12
1073959979,Pukka Herbs Lemon Ginger & Manuka Honey Tea 2x20packs,$17.90,$0.45 / 1EA,/shop/productdetails/1073959979/pukka-herbs-lemon-ginger-manuka-honey-tea-2x20packs
292947,Schweppes Lemon Soda 6 X 200ml,$9.00,$7.50 / 1L,/shop/productdetails/292947/schweppes-lemon-soda
1073950507,Aloe Mate Aloe Vera Mango 500mL x 20 Pack,$48.46,$0.48 / 100ML,/shop/productdetails/1073950507/aloe-mate-aloe-vera-mango-500ml-x-20-pack
1073903221,Famous Soda Co Pink Lemonade 24 Pack x 250ml,$46.75,$7.79 / 1L,/shop/productdetails/1073903221/famous-soda-co-pink-lemonade-24-pack-x-250ml
1074294393,Fiji Water 700ml Sports Cap Pk12,$42.37,$5.04 / 1L,/shop/productdetails/1074294393/fiji-water-700ml-sports-cap-pk12
182455,Giesen 0% New Zealand Rose 750ml,$18.00,,/shop/productdetails/182455/giesen-0-new-zealand-rose
88509,Giesen 0% New Zealand Sauvignon Blanc 750ml,$18.00,$24.00 / 1L,/shop/productdetails/88509/giesen-0-new-zealand-sauvignon-blanc
149644,No Ugly Focus Blackcurrant Wellness Tonic 250ml,$4.50,$18.00 / 1L,/shop/productdetails/149644/no-ugly-focus-blackcurrant-wellness-tonic
1074014345,Philips Soda Maker Starter Kit: Black - ADD4904BK/79,$119.00,$119.00 / 1EA,/shop/productdetails/1074014345/philips-soda-maker-starter-kit-black-add4904bk-79
222883,Plus & Minus Zero Alcohol Pinot Noir 750ml,$10.00,$13.33 / 1L,/shop/productdetails/222883/plus-minus-zero-alcohol-pinot-noir
304219,Starbucks By Nespresso Colombia Coffee Capsules 36 Pack,$22.00,$0.61 / 1EA,/shop/productdetails/304219/starbucks-by-nespresso-colombia-coffee-capsules
1074052993,Boundless Detox Hydrogen Water 24 Pack,$34.80,$1.45 / 1EA,/shop/productdetails/1074052993/boundless-detox-hydrogen-water-24-pack
128386,Campos Roma Coffee Beans 500g,$29.00,$5.80 / 100G,/shop/productdetails/128386/campos-roma-coffee-beans
195084,Eastcoast Orange Juice 4l,$9.40,$2.35 / 1L,/shop/productdetails/195084/eastcoast-orange-juice
86640,Espressotoria Piccolo Coffee Machine Each,$60.00,$60.00 / 1EA,/shop/productdetails/86640/espressotoria-piccolo-coffee-machine
189293,Lotus Peak Bubble Tea Brown Sugar 490ml,$5.00,$10.20 / 1L,/shop/productdetails/189293/lotus-peak-bubble-tea-brown-sugar
997715,Nort Refreshing Ale Bottles 330ml X24 Case,$48.00,$6.06 / 1L,/shop/productdetails/997715/modus-operandi-nort-refreshing-ale-bottles
29734,Oasis Ground Coffee Greek Style 200g,$5.70,$2.85 / 100G,/shop/productdetails/29734/oasis-ground-coffee-greek-style
1073945892,Planet Organic Turmeric 25 Tea Bags x 2pack,$11.20,$22.40 / 100EA,/shop/productdetails/1073945892/planet-organic-turmeric-25-tea-bags-x-2pack
1074294410,San Pellegrino 330ml Aranciata Rossa Cans pk24,$46.66,$5.89 / 1L,/shop/productdetails/1074294410/san-pellegrino-330ml-aranciata-rossa-cans-pk24
1074254332,SodaStream Classics Tonic Drink Mix 440ml,$17.00,$17.00 / 1EA,/shop/productdetails/1074254332/sodastream-classics-tonic-drink-mix-440ml
1073950506,Aloe Mate Aloe Vera Lychee 500mL x 20 Pack,$48.46,$0.48 / 100ML,/shop/productdetails/1073950506/aloe-mate-aloe-vera-lychee-500ml-x-20-pack
1073950508,Aloe Mate Aloe Vera Original 1.5L x 12 Pack,$52.45,$0.29 / 100ML,/shop/productdetails/1073950508/aloe-mate-aloe-vera-original-1-5l-x-12-pack
307523,Campos Decaf Coffee Capsules Syrupy & Bold Blend 10 Pack,$7.60,$0.76 / 1EA,/shop/productdetails/307523/campos-decaf-coffee-capsules-syrupy-bold-blend
1073902976,Famous Soda Co Pink Lemonade Soda 12 Pack x 330ml Cans,$29.99,$7.57 / 1L,/shop/productdetails/1073902976/famous-soda-co-pink-lemonade-soda-12-pack-x-330ml-cans
733507,Grinders Rich Espresso Ground Rainforest Alliance Certified 200g,$8.80,$4.40 / 100G,/shop/productdetails/733507/grinders-rich-espresso-ground-rainforest-alliance-certified
1073950509,Aloe Mate Aloe Vera Lychee 1.5L x 12 Pack,$52.45,$0.29 / 100ML,/shop/productdetails/1073950509/aloe-mate-aloe-vera-lychee-1-5l-x-12-pack
307525,Campos King St Coffee Beans Creamy & Balanced Blend 500g,$29.00,$5.80 / 100G,/shop/productdetails/307525/campos-king-st-coffee-beans-creamy-balanced-blend
307498,Jarrah After Dark Espresso Martini Double Shot Latte Sachets 6 Pack,$6.00,$1.00 / 1EA,/shop/productdetails/307498/jarrah-after-dark-espresso-martini-double-shot-latte-sachets
1073950491,Jarritos Pineapple 370mL x 24 Pack,$75.96,$0.86 / 100ML,/shop/productdetails/1073950491/jarritos-pineapple-370ml-x-24-pack
224615,Naked Life Espresso Martini Non-alcoholic Cocktail Cans 200ml X4 Pack,$15.00,$18.75 / 1L,/shop/productdetails/224615/naked-life-espresso-martini-non-alcoholic-cocktail-cans
229200,Natvia Berry Refreshing Cordial Concentrate 97% Sugar Free 300ml,N/A,N/A,/shop/productdetails/229200/natvia-berry-refreshing-cordial-concentrate-97-sugar-free
1074294323,Capi 500ml Sparkling Mineral Water Pk15,$41.44,$5.53 / 1L,/shop/productdetails/1074294323/capi-500ml-sparkling-mineral-water-pk15
1074294286,Capi 750ml Sparkling Mineral Water Pk12,$44.57,$4.95 / 1L,/shop/productdetails/1074294286/capi-750ml-sparkling-mineral-water-pk12
1073927569,Coco Coast Lychee Coconut Water 500ml x 12 pack,$44.95,$7.49 / 1L,/shop/productdetails/1073927569/coco-coast-lychee-coconut-water-500ml-x-12-pack
1073903004,Famous Soda Co Blood Orange Soda 12 Pack x 330ml Bottle,$46.99,$11.87 / 1L,/shop/productdetails/1073903004/famous-soda-co-blood-orange-soda-12-pack-x-330ml-bottle
186990,Nexba Pink Grapefruit Glow Naturally Sugar Free Nootropic 330ml X4 Pack,$8.55,$6.48 / 1L,/shop/productdetails/186990/nexba-pink-grapefruit-glow-naturally-sugar-free-nootropic
191519,No Ugly Libido 250ml,$4.50,$18.00 / 1L,/shop/productdetails/191519/no-ugly-libido
228442,Origin Tea Original Sticky Chai 120g,$9.00,$7.50 / 100G,/shop/productdetails/228442/origin-tea-original-sticky-chai
1074014369,Philips 1L Carbonating Bottle Stainless Steel Base - 2 Pack (ADD916/79),$29.95,$29.95 / 1EA,/shop/productdetails/1074014369/philips-1l-carbonating-bottle-stainless-steel-base-2-pack-add916-79-
1073959577,Pukka Herbs Day to Night Collection Tea Bags 2x20packs,$17.90,$0.45 / 1EA,/shop/productdetails/1073959577/pukka-herbs-day-to-night-collection-tea-bags-2x20packs
711523,Remedy Kombucha Raspberry Lemonade 250ml,$2.75,$11.00 / 1L,/shop/productdetails/711523/remedy-kombucha-raspberry-lemonade
306999,Sacred Grounds Seeker Blend Medium Roast Ground Coffee Beans 200g,$9.00,$4.50 / 100G,/shop/productdetails/306999/sacred-grounds-seeker-blend-medium-roast-ground-coffee-beans
1074294376,San Pellegrino 500ml Sparkling Mineral Water Plastic Pk24,$50.33,$4.19 / 1L,/shop/productdetails/1074294376/san-pellegrino-500ml-sparkling-mineral-water-plastic-pk24
310862,Vittoria Freeze Dried Decaffeinated Instant Coffee 100g,$13.50,$13.50 / 100G,/shop/productdetails/310862/vittoria-freeze-dried-decaffeinated-instant-coffee
1073932764,Artisan Drinks Australia - Classic London Tonic 200ml × 24 Packs,$50.00,$1.04 / 100ML,/shop/productdetails/1073932764/artisan-drinks-australia-classic-london-tonic-200ml-24-packs
1074294383,Capi 500ml Still Mineral Water Pk15,$40.80,$5.44 / 1L,/shop/productdetails/1074294383/capi-500ml-still-mineral-water-pk15
201683,Coopers Brew Enhancer No2 1kg,$10.00,$10.00 / 1KG,/shop/productdetails/201683/coopers-brew-enhancer-no2
1073902772,"Gift Pack Duo John Ross The Mary 0% Gin 750ml, Pink Tonic Water 24 x 200ml",$55.95,,/shop/productdetails/1073902772/gift-pack-duo-john-ross-the-mary-0-gin-750ml-pink-tonic-water-24-x-200ml
1074114325,Kirin Kirin Afternoon Tea Straight Tea 1.5L X 4Pack,$29.69,$7.42 / 1EA,/shop/productdetails/1074114325/kirin-kirin-afternoon-tea-straight-tea-1-5l-x-4pack
1074014361,Philips Soda Maker Starter Kit: White - ADD4904WH/79,$119.00,$119.00 / 1EA,/shop/productdetails/1074014361/philips-soda-maker-starter-kit-white-add4904wh-79
1073863270,StrangeLove Citrus Mixed Super Pack No 2 300ml Bottles - 4x4 Pack,$42.50,$5.90 / 1L,/shop/productdetails/1073863270/strangelove-citrus-mixed-super-pack-no-2-300ml-bottles-4x4-pack
1073863280,"StrangeLove Mixed Smoke, Spice, Fire 300ml Bottles - 4x4 Pack",$42.50,$8.85 / 1L,/shop/productdetails/1073863280/strangelove-mixed-smoke-spice-fire-300ml-bottles-4x4-pack
1074090005,Suntory Green tea Special Tea 2L X 3Pack,$66.99,$22.33 / 1EA,/shop/productdetails/1074090005/suntory-green-tea-special-tea-2l-x-3pack
129065,Campos Colombia Coffee Beans 500g,$29.50,$5.90 / 100G,/shop/productdetails/129065/campos-colombia-coffee-beans
183137,Chatime Peach Iced Bubble Tea With Popping Pearls 4 Pack,$10.00,$2.50 / 1EA,/shop/productdetails/183137/chatime-peach-iced-bubble-tea-with-popping-pearls
309748,Jarrah After Dark Espresso Martini Caramel Latte 6 Pack,$6.00,$1.00 / 1EA,/shop/productdetails/309748/jarrah-after-dark-espresso-martini-caramel-latte
309584,Lavazza Espresso Maestro Coffee Capsules Ristretto 30 Pack,$10.20,$0.34 / 1EA,/shop/productdetails/309584/lavazza-espresso-maestro-coffee-capsules-ristretto
1073890973,Lo Bros Kombucha Soda Cola Box 250ml 4pack X 6,$52.50,$0.88 / 100ML,/shop/productdetails/1073890973/lo-bros-kombucha-soda-cola-box-250ml-4pack-x-6
1073811171,Lyre's Alcohol Free Non-Alcoholic Negroni Gift Set,$134.95,,/shop/productdetails/1073811171/lyre-s-alcohol-free-non-alcoholic-negroni-gift-set
1073935666,Deluxe Gift Hamper,$260.00,,/shop/productdetails/1073935666/deluxe-gift-hamper
1074127909,Espressotoria - Coffee Machine with 12 Packs of Vittoria Oro Capsules Bundle,$120.00,$120.00 / 1EA,/shop/productdetails/1074127909/espressotoria-coffee-machine-with-12-packs-of-vittoria-oro-capsules-bundle
261246,Fever Tree Ginger Ale Light 500ml,$4.50,$9.00 / 1L,/shop/productdetails/261246/fever-tree-ginger-ale-light
159775,Gordon's 0.0% Alcohol Free 700ml,$35.00,,/shop/productdetails/159775/gordon-s-0-0-alcohol-free
296610,Ito En Roasted Green Tea 20 Pack,$6.00,$0.30 / 1EA,/shop/productdetails/296610/ito-en-roasted-green-tea
279720,Natvia Energy Drinking Chocolate 200g,$7.00,$3.50 / 100G,/shop/productdetails/279720/natvia-energy-drinking-chocolate
1074294290,Schweppes 300ml Mineral Water Orange & Mango Pk24,$44.04,$6.12 / 1L,/shop/productdetails/1074294290/schweppes-300ml-mineral-water-orange-mango-pk24
1074254317,SodaStream Zeros Mix Lime Low Sugar 440ml,$19.00,$19.00 / 1EA,/shop/productdetails/1074254317/sodastream-zeros-mix-lime-low-sugar-440ml
685326,Espressotoria Milk Frother Each,$59.00,$59.00 / 1EA,/shop/productdetails/685326/espressotoria-milk-frother
1073903013,Famous Soda Co Passionfruit Soda 12 Pack x 250ml Cans,$26.99,$9.00 / 1L,/shop/productdetails/1073903013/famous-soda-co-passionfruit-soda-12-pack-x-250ml-cans
179836,Naked Life Non Alcoholic Spiced Caribbean Dry & Lime 250ml X4 Pack,$15.00,$15.00 / 1L,/shop/productdetails/179836/naked-life-non-alcoholic-spiced-caribbean-dry-lime
1074020955,Naked Life Non-Alcoholic Yuzu Sake 24 x 250mL Cans,$81.00,$81.00 / 1L,/shop/productdetails/1074020955/naked-life-non-alcoholic-yuzu-sake-24-x-250ml-cans
1073992524,Slush Puppie Slushie Making Cup & Red Cherry Syrup Set,$29.95,,/shop/productdetails/1073992524/slush-puppie-slushie-making-cup-red-cherry-syrup-set
1074044215,Starbucks Multipack House Blend Lungo Medium Roast Coffee Pods Capsules x 120,$109.20,$91.00 / 100EA,/shop/productdetails/1074044215/starbucks-multipack-house-blend-lungo-medium-roast-coffee-pods-capsules-x-120
7526,Coopers Home Brew Lager 1.7kg,$17.00,$10.00 / 1KG,/shop/productdetails/7526/coopers-home-brew-lager
273732,Eastcoast Mini Apple & Blackcurrant Juice 200ml,$2.00,$10.00 / 1L,/shop/productdetails/273732/eastcoast-mini-apple-blackcurrant-juice
798714,Espressotoria Coffee Capsules Caffe Aurora Espresso 12 Pack,$6.50,$0.54 / 1EA,/shop/productdetails/798714/espressotoria-coffee-capsules-caffe-aurora-espresso
1073903220,Famous Soda Co Passionfruit Soda 24 Pack x 250ml Cans,$46.75,$7.79 / 1L,/shop/productdetails/1073903220/famous-soda-co-passionfruit-soda-24-pack-x-250ml-cans
1074000737,Genki Forest Sparkling Water Cirtrus Flavour 330ml*6pcs X 2Pack,$25.29,$12.65 / 1EA,/shop/productdetails/1074000737/genki-forest-sparkling-water-cirtrus-flavour-330ml-6pcs-x-2pack
1073933232,Lyres Agave Blanco Spirit 700mL - Tequila Style | 700mL,$44.99,$6.43 / 100ML,/shop/productdetails/1073933232/lyres-agave-blanco-spirit-700ml-tequila-style-700ml
249616,Naked Life Glow Dragonfruit & Lychee 250ml,$3.50,$14.00 / 1L,/shop/productdetails/249616/naked-life-glow-dragonfruit-lychee
1073863253,StrangeLove Fancy Lemonade 180ml Bottles - 6x4 Pack,$51.00,$11.81 / 1L,/shop/productdetails/1073863253/strangelove-fancy-lemonade-180ml-bottles-6x4-pack
692556,Woolworths Homebrew Bottle Caps Crown Seals 100 Pack,$3.20,$0.03 / 1EA,/shop/productdetails/692556/woolworths-homebrew-bottle-caps-crown-seals
1073927528,Arkadia Hazelnut Syrup 750ml,$29.00,$3.87 / 100ML,/shop/productdetails/1073927528/arkadia-hazelnut-syrup-750ml
1074192959,Beloka Naturally Still Water 20 x 500ml,$75.50,$3.78 / 1EA,/shop/productdetails/1074192959/beloka-naturally-still-water-20-x-500ml
208897,Coopers Pale Ale No1 Home Brew 1.7kg,$19.00,$11.18 / 1KG,/shop/productdetails/208897/coopers-pale-ale-no1-home-brew
1073903012,Famous Soda Co Blood Orange Soda 12 Pack x 330ml Cans,$31.99,$8.08 / 1L,/shop/productdetails/1073903012/famous-soda-co-blood-orange-soda-12-pack-x-330ml-cans
1074294293,H2Coco 500ml Pure Coconut Water Pk12,$37.67,$6.28 / 1L,/shop/productdetails/1074294293/h2coco-500ml-pure-coconut-water-pk12
1073933359,Lyre's Orange Sec Non-Alcoholic Spirit - Triple Sec Style | Award Winning | 700ml,$44.99,$6.43 / 100ML,/shop/productdetails/1073933359/lyre-s-orange-sec-non-alcoholic-spirit-triple-sec-style-award-winning-700ml
301155,Nescafe Farmers Origins Colombia Espresso Capsules 10 Pack,$5.20,$0.52 / 1EA,/shop/productdetails/301155/nescafe-farmers-origins-colombia-espresso-capsules
1073797669,Pure Product Australia Meal Replacement Shake Vanilla 1000g,$39.95,$4.00 / 100G,/shop/productdetails/1073797669/pure-product-australia-meal-replacement-shake-vanilla-1000g
1074254368,SodaStream Classics Ginger Beer Mix 440ml,$17.00,$17.00 / 1EA,/shop/productdetails/1074254368/sodastream-classics-ginger-beer-mix-440ml
1074209377,BEAUTYAQUA Energy Kakadu Plum Spring Water Spritzer 12 x 300ml Sparkling,$42.00,$1.17 / 100ML,/shop/productdetails/1074209377/beautyaqua-energy-kakadu-plum-spring-water-spritzer-12-x-300ml-sparkling
1073927495,Cadbury Cafe Blend Premium Drinking Chocolate 1.75kg,$38.00,$2.17 / 100G,/shop/productdetails/1073927495/cadbury-cafe-blend-premium-drinking-chocolate-1-75kg
194758,Giesen 0% New Zealand Merlot 750ml,$18.00,,/shop/productdetails/194758/giesen-0-new-zealand-merlot
1073961612,Hemp Kombucha Coconut & Lime 350ml,$29.90,$7.12 / 1L,/shop/productdetails/1073961612/hemp-kombucha-coconut-lime-350ml
1073961614,Hemp Kombucha Ginger 350ml,$29.90,$7.12 / 1L,/shop/productdetails/1073961614/hemp-kombucha-ginger-350ml
238511,James Squire Zero Premium Bottles 330ml X 6 Pack,$4.00,,/shop/productdetails/238511/james-squire-zero-premium-bottles
1074001253,Jomeis Fine Foods Turmeric Latte Duo Pack - 240g,$24.95,$10.40 / 100G,/shop/productdetails/1074001253/jomeis-fine-foods-turmeric-latte-duo-pack-240g
1073933228,Lyre's Dark Cane Non-Alcoholic Spirit - Dark Rum Style | Award Winning | 700ml,$44.99,$6.43 / 100ML,/shop/productdetails/1073933228/lyre-s-dark-cane-non-alcoholic-spirit-dark-rum-style-award-winning-700ml
1074020956,Naked Life Non-Alcoholic Wimbledon Spritz 24 x 250ml Cans,$81.00,$81.00 / 1L,/shop/productdetails/1074020956/naked-life-non-alcoholic-wimbledon-spritz-24-x-250ml-cans
1073960859,Nongfu Mountain Spring Oriental Leaf Unsweetened Green Tea 500ml x 3Pack,$13.59,$0.45 / 100ML,/shop/productdetails/1073960859/nongfu-mountain-spring-oriental-leaf-unsweetened-green-tea-500ml-x-3pack
1074294387,Nu-Pure 500ml Lightly Sparkling Water 24Pk Pk24,$36.21,$3.02 / 1L,/shop/productdetails/1074294387/nu-pure-500ml-lightly-sparkling-water-24pk-pk24
1074044212,Starbucks Multipack Espresso Dark Roast Coffee Pods Capsules x 120,$109.20,$91.00 / 100EA,/shop/productdetails/1074044212/starbucks-multipack-espresso-dark-roast-coffee-pods-capsules-x-120
1073863277,StrangeLove Citrus Mixed Super Pack No 1 300ml Bottles - 4x4 Pack,$42.50,$8.85 / 1L,/shop/productdetails/1073863277/strangelove-citrus-mixed-super-pack-no-1-300ml-bottles-4x4-pack
1073906947,StrangeLove Hot Ginger Beer 180ml Bottles - 6x4 Pack,$51.00,$10.63 / 1L,/shop/productdetails/1073906947/strangelove-hot-ginger-beer-180ml-bottles-6x4-pack
1073961608,Tea Gardens Kombucha Citrus Lemon Lime 350ml,$29.90,$7.12 / 1L,/shop/productdetails/1073961608/tea-gardens-kombucha-citrus-lemon-lime-350ml
1074049685,Waves & Caves Dry Tonic 6x4 300ml,$80.00,$20.20 / 1L,/shop/productdetails/1074049685/waves-caves-dry-tonic-6x4-300ml
1074049684,Waves & Caves Indian Tonic 6x4 300ml,$80.00,$10.10 / 1L,/shop/productdetails/1074049684/waves-caves-indian-tonic-6x4-300ml
1073927517,Arkadia Matcha Green Tea Powder 1KG,$32.00,$3.20 / 100G,/shop/productdetails/1073927517/arkadia-matcha-green-tea-powder-1kg
1074192960,Beloka Naturally Still 12 x 750ml,$69.99,$5.83 / 1EA,/shop/productdetails/1074192960/beloka-naturally-still-12-x-750ml
1073922610,"Gift Pack Lautus Non-Alcoholic Wines 4pk-Moscato Rosé, Savvy White, Savvy Red and Sparkling Rosé 750ml",$62.05,,/shop/productdetails/1073922610/gift-pack-lautus-non-alcoholic-wines-4pk-moscato-ros-savvy-white-savvy-red-and-sparkling-ros-750ml
1073841252,"Gift Pack Trio Non-Alcoholic Lautus Wines - Savvy Red, Moscato Rosé & Merlot 750ml",$44.95,,/shop/productdetails/1073841252/gift-pack-trio-non-alcoholic-lautus-wines-savvy-red-moscato-ros-merlot-750ml
1073865598,Golden Wattle Rose Chai Loose Leaf Tea 100g,$19.80,$19.80 / 100G,/shop/productdetails/1073865598/golden-wattle-rose-chai-loose-leaf-tea-100g
1073950490,Jarritos Mandarin 370mL x 24 Pack,$75.96,$0.86 / 100ML,/shop/productdetails/1073950490/jarritos-mandarin-370ml-x-24-pack
1073950511,Joe's Classics Green Smoothie 350mL x 12 Pack,$35.32,$0.84 / 100ML,/shop/productdetails/1073950511/joe-s-classics-green-smoothie-350ml-x-12-pack
1074294342,Nu-Pure 1.5L Spring Water Pk6,$17.81,$1.98 / 1L,/shop/productdetails/1074294342/nu-pure-1-5l-spring-water-pk6
1074294422,San Pellegrino 200ml Aranciata Rossa Glass pk24,$63.38,$13.20 / 1L,/shop/productdetails/1074294422/san-pellegrino-200ml-aranciata-rossa-glass-pk24
1073949096,Sidewinder Lime XPA Non Alcoholic Beer 16 x 355ML Cans,$40.00,$0.70 / 100ML,/shop/productdetails/1073949096/sidewinder-lime-xpa-non-alcoholic-beer-16-x-355ml-cans
1074294320,USA Cans 355ml Fanta Grape pk12,$34.12,$8.01 / 1L,/shop/productdetails/1074294320/usa-cans-355ml-fanta-grape-pk12
1073950505,Aloe Mate Aloe Vera Peach 500mL x 20 Pack,$48.46,$0.48 / 100ML,/shop/productdetails/1073950505/aloe-mate-aloe-vera-peach-500ml-x-20-pack
1074209823,BEAUTYAQUA Hydrate Passionfruit Spring Water Spritzer 12 x 300ml Sparkling,$42.00,$1.17 / 100ML,/shop/productdetails/1074209823/beautyaqua-hydrate-passionfruit-spring-water-spritzer-12-x-300ml-sparkling
1074176148,Beloka Lightly Sparkling Water 24 x 330ml,$74.50,$3.10 / 1EA,/shop/productdetails/1074176148/beloka-lightly-sparkling-water-24-x-330ml
1074192955,Beloka Sparkling Water 12 x 750ml,$69.99,$5.83 / 1EA,/shop/productdetails/1074192955/beloka-sparkling-water-12-x-750ml
1074050952,Beyond 100% Pure Still Coconut Water Cans 310ml 24PK,$69.00,$2.88 / 1EA,/shop/productdetails/1074050952/beyond-100-pure-still-coconut-water-cans-310ml-24pk
1074294326,Coca Cola 600ml Diet Coke pk24,$78.01,$5.42 / 1L,/shop/productdetails/1074294326/coca-cola-600ml-diet-coke-pk24
1074024203,Coffee Hero Turkish Delight whole beans 500g,$29.99,$6.00 / 100G,/shop/productdetails/1074024203/coffee-hero-turkish-delight-whole-beans-500g
16752,Coopers Home Brew Draught 1.7kg,$17.00,$10.00 / 1KG,/shop/productdetails/16752/coopers-home-brew-draught
979523,Hawkesbury Brewing Prohibition Pale Ale 0% Alcohol Cans 375ml X 4 Pack,$10.00,$6.67 / 1L,/shop/productdetails/979523/hawkesbury-brewing-prohibition-pale-ale-0-alcohol-cans
1073890976,Lo Bros Kombucha Raspberry & Lemon Box 250ml 4pack X 6,$52.50,$0.88 / 100ML,/shop/productdetails/1073890976/lo-bros-kombucha-raspberry-lemon-box-250ml-4pack-x-6
1074024568,MirMir Organics Certified Organic Tulsi Tea Pyramid Tea Bags 40gm x 2 packs,$23.50,$58.75 / 100G,/shop/productdetails/1074024568/mirmir-organics-certified-organic-tulsi-tea-pyramid-tea-bags-40gm-x-2-packs
229462,Natvia Citrus Burst Cordial Concentrate 97% Sugar Free 300ml,N/A,N/A,/shop/productdetails/229462/natvia-citrus-burst-cordial-concentrate-97-sugar-free
1073995988,Nutra Organics Matcha Latte 100g,$22.95,$22.95 / 100G,/shop/productdetails/1073995988/nutra-organics-matcha-latte-100g
275236,Origin Tea Sneaky Peach Sparkling Iced Tea Cans 250ml X 4 Pack,$9.00,$9.00 / 1L,/shop/productdetails/275236/origin-tea-sneaky-peach-sparkling-iced-tea-cans
1073945899,Planet Organic Throat Calm 25 Tea Bags x 2pack,$12.80,$25.60 / 100EA,/shop/productdetails/1073945899/planet-organic-throat-calm-25-tea-bags-x-2pack
1073949128,Sidewinder XPA Non Alcoholic Beer - Mixed Pack 16 X 355ML Cans,$40.00,$0.70 / 100ML,/shop/productdetails/1073949128/sidewinder-xpa-non-alcoholic-beer-mixed-pack-16-x-355ml-cans
1074294348,Soda Boss 375ml Cans Grape Chewie pk12,$25.75,$5.72 / 1L,/shop/productdetails/1074294348/soda-boss-375ml-cans-grape-chewie-pk12
1074052552,"Stitch Coffee Decaf - Colombia, Popayan 1K - Premium Specialty Coffee",$60.00,$6.00 / 100G,/shop/productdetails/1074052552/stitch-coffee-decaf-colombia-popayan-1k-premium-specialty-coffee
1073972248,Tea Gardens Kombucha Blueberry Hibiscus 350ml,$29.90,$7.12 / 1L,/shop/productdetails/1073972248/tea-gardens-kombucha-blueberry-hibiscus-350ml
1073962823,Yun Pufa Health Bag Infusion Tea Yellow Essence Ten Treasures Pu'er Tea 15pcs*5g,$23.99,$31.99 / 100G,/shop/productdetails/1073962823/yun-pufa-health-bag-infusion-tea-yellow-essence-ten-treasures-pu-er-tea-15pcs-5g
1073927445,Arkadia Peach Syrup 750ml,$29.00,$3.87 / 100ML,/shop/productdetails/1073927445/arkadia-peach-syrup-750ml
1073779312,Buddha Teas Ashwagandha Tea 18 serve,$8.00,$0.44 / 1EA,/shop/productdetails/1073779312/buddha-teas-ashwagandha-tea-18-serve
1074294352,Bundaberg 375ml Pineapple & Coconut Pk12,$30.46,$6.77 / 1L,/shop/productdetails/1074294352/bundaberg-375ml-pineapple-coconut-pk12
296341,Campos Chapel St Coffee Beans Bright & Crisp Blend 500g,$29.00,$5.80 / 100G,/shop/productdetails/296341/campos-chapel-st-coffee-beans-bright-crisp-blend
1074294392,Frantelle 1.5Lt Spring Water pk8,$18.34,$1.53 / 1L,/shop/productdetails/1074294392/frantelle-1-5lt-spring-water-pk8
1073983163,Genki Forest Sparking Soda Water Green Apple Flavor 480ml x 12Bottle,$30.99,$10.76 / 1L,/shop/productdetails/1073983163/genki-forest-sparking-soda-water-green-apple-flavor-480ml-x-12bottle
273654,Jiva Kombucha Mango Passionfruit 300ml,$4.40,$14.67 / 1L,/shop/productdetails/273654/jiva-kombucha-mango-passionfruit
1074002182,MirMir Organics Certified Organic Turmeric Tea Pyramid Tea Bags 40gm x 2 packs,$23.50,$58.75 / 100G,/shop/productdetails/1074002182/mirmir-organics-certified-organic-turmeric-tea-pyramid-tea-bags-40gm-x-2-packs
148906,No Ugly Skin Juice 250ml,$4.50,$18.00 / 1L,/shop/productdetails/148906/no-ugly-skin-juice
1073962581,Old Town Authentic White Coffee Hazelnut Flavor 15 bars 570g x 2Pack,$27.09,$2.38 / 100G,/shop/productdetails/1073962581/old-town-authentic-white-coffee-hazelnut-flavor-15-bars-570g-x-2pack
274797,Origin Tea Tropical Kiss Sparkling Iced Tea Cans 250ml X 4 Pack,$9.00,$9.00 / 1L,/shop/productdetails/274797/origin-tea-tropical-kiss-sparkling-iced-tea-cans
1074294349,San Pellegrino 330ml Limonata Cans Pk24,$46.66,$5.89 / 1L,/shop/productdetails/1074294349/san-pellegrino-330ml-limonata-cans-pk24
1074114310,Sangaria Ramune Bottle Melon Flavour 500ml X 5Pack,$19.99,$4.00 / 1EA,/shop/productdetails/1074114310/sangaria-ramune-bottle-melon-flavour-500ml-x-5pack
229504,Bickford's Orange & Passionfruit Fruit Drink 50% Less Sugar 1l,$6.50,$6.50 / 1L,/shop/productdetails/229504/bickford-s-orange-passionfruit-fruit-drink-50-less-sugar
1074052994,Boundless Sport Hydrogen Water 24 Pack,$34.80,$1.45 / 1EA,/shop/productdetails/1074052994/boundless-sport-hydrogen-water-24-pack
1074294380,Bundaberg 375ml Blood Orange Pk12,$30.46,$6.77 / 1L,/shop/productdetails/1074294380/bundaberg-375ml-blood-orange-pk12
271575,Coopers Carbonated Drops 250g,$4.50,$18.00 / 1KG,/shop/productdetails/271575/coopers-carbonated-drops
1074032837,Dole 100% Pineapple Juice 24 x 240ml,$58.79,$2.45 / 1EA,/shop/productdetails/1074032837/dole-100-pineapple-juice-24-x-240ml
1073903005,Famous Soda Co Blood Orange Soda 12 Pack x 250ml Cans,$28.99,$9.66 / 1L,/shop/productdetails/1073903005/famous-soda-co-blood-orange-soda-12-pack-x-250ml-cans
272943,Jiva Kombucha Pomegranate 300ml,$4.40,$14.67 / 1L,/shop/productdetails/272943/jiva-kombucha-pomegranate
1074114328,Kirin Afternoon Tea Lemon 500ml X 5Pack,$19.99,$4.00 / 1EA,/shop/productdetails/1074114328/kirin-afternoon-tea-lemon-500ml-x-5pack
222417,Naked Life Brown Sugar Betta Boba Milk Bubble Tea 50% Less Sugar 4 X315ml,$12.00,$9.52 / 1L,/shop/productdetails/222417/naked-life-brown-sugar-betta-boba-milk-bubble-tea-50-less-sugar
296604,Pablo & Rusty Specialty Coffee Concentrate Pioneer Concentrate 500ml,$10.00,$2.00 / 100ML,/shop/productdetails/296604/pablo-rusty-specialty-coffee-concentrate-pioneer-concentrate
296722,Pablo & Rusty Specialty Coffee Concentrate Porter St 500ml,$10.00,$2.00 / 100ML,/shop/productdetails/296722/pablo-rusty-specialty-coffee-concentrate-porter-st
1074294396,USA Cans 355ml Dr Pepper Pk12,$37.53,$17.62 / 1L,/shop/productdetails/1074294396/usa-cans-355ml-dr-pepper-pk12
309680,Will & Co Coffee Concentrate 375ml,$7.50,$2.00 / 100ML,/shop/productdetails/309680/will-co-coffee-concentrate
1074049677,rok+ Sparkling Functional Drink - Recovery 330ml x 8,$40.00,$15.15 / 1L,/shop/productdetails/1074049677/rok-sparkling-functional-drink-recovery-330ml-x-8
1074081924,Alpen Blend Drinking Chocolate 1.4kg,$60.55,,/shop/productdetails/1074081924/alpen-blend-drinking-chocolate-1-4kg
1074025869,Arkadia Chai Latte Tea Coffee Spice Powder 1KG,$35.00,$3.50 / 100G,/shop/productdetails/1074025869/arkadia-chai-latte-tea-coffee-spice-powder-1kg
1074025868,Arkadia Lychee Fruit Coffee Tea Syrup 750ml,$29.00,$38.67 / 1L,/shop/productdetails/1074025868/arkadia-lychee-fruit-coffee-tea-syrup-750ml
1073945852,Calypso Original Lemonade 473mL x 12 Pack,$50.95,$0.90 / 100ML,/shop/productdetails/1073945852/calypso-original-lemonade-473ml-x-12-pack
307504,Campos Dark City Coffee Beans Balanced & Hearty Blend 500g,$29.00,$5.80 / 100G,/shop/productdetails/307504/campos-dark-city-coffee-beans-balanced-hearty-blend
34691,Coca - Cola Classic  Soft Drink Can 375ml,N/A,N/A,/shop/productdetails/34691/coca-cola-classic-soft-drink-can
1073902994,Famous Soda Co Passionfruit Soda 12 Pack x 330ml Cans,$31.99,$8.08 / 1L,/shop/productdetails/1073902994/famous-soda-co-passionfruit-soda-12-pack-x-330ml-cans
182456,Giesen 0% New Zealand Pinot Gris 750ml,$18.00,,/shop/productdetails/182456/giesen-0-new-zealand-pinot-gris
1073902770,Gift Pack Duo Non-Alcoholic Sparkling Wines - Allure & Lautus 750ml,$42.35,,/shop/productdetails/1073902770/gift-pack-duo-non-alcoholic-sparkling-wines-allure-lautus-750ml
161944,Illy Coffee Capsules Lungo Classico 10 Pack,$6.00,$0.60 / 1EA,/shop/productdetails/161944/illy-coffee-capsules-lungo-classico
1073933233,Lyres Agave Reserva Spirit - Tequila Style | 700mL,$44.99,$6.43 / 100ML,/shop/productdetails/1073933233/lyres-agave-reserva-spirit-tequila-style-700ml
1074020957,Naked Life Non-Alcoholic Italian Spritz 24 x 250ml Cans,$81.00,$81.00 / 1L,/shop/productdetails/1074020957/naked-life-non-alcoholic-italian-spritz-24-x-250ml-cans
1073959980,Pukka Herbs Lemongrass & Ginger Tea Bags 2x20packs,$17.90,$0.45 / 1EA,/shop/productdetails/1073959980/pukka-herbs-lemongrass-ginger-tea-bags-2x20packs
1074294307,San Pellegrino 330ml Chinotto Cans Pk24,$46.66,$5.89 / 1L,/shop/productdetails/1074294307/san-pellegrino-330ml-chinotto-cans-pk24
1074294369,USA Cans 355ml Fanta Strawberry Pk12,$34.12,$8.01 / 1L,/shop/productdetails/1074294369/usa-cans-355ml-fanta-strawberry-pk12
247957,Woolworths Ground Coffee Espresso 250g,N/A,N/A,/shop/productdetails/247957/woolworths-ground-coffee-espresso
74631,Woolworths Home Brew Draught 1.7kg,$11.00,$6.47 / 1KG,/shop/productdetails/74631/woolworths-home-brew-draught
1073927521,Arkadia Turmeric Latte Powder 2PK 500g,$39.00,$19.50 / 1EA,/shop/productdetails/1073927521/arkadia-turmeric-latte-powder-2pk-500g
1073945858,Calypso Pineapple Peach Limeade 473mL x 12 Pack,$50.95,$0.90 / 100ML,/shop/productdetails/1073945858/calypso-pineapple-peach-limeade-473ml-x-12-pack
1073960873,Clif Shot Energy Gel Razz Box 24 x 34g,$86.18,$10.56 / 100G,/shop/productdetails/1073960873/clif-shot-energy-gel-razz-box-24-x-34g
1073902989,Famous Soda Co Cola Soda 12 Pack x 330ml Bottle,$46.99,$11.87 / 1L,/shop/productdetails/1073902989/famous-soda-co-cola-soda-12-pack-x-330ml-bottle
1074294289,Frantelle 750ml Spring Water pk12,$19.90,$2.21 / 1L,/shop/productdetails/1074294289/frantelle-750ml-spring-water-pk12
1074205409,Gift Pack Lautus Non-Alcoholic Wine - Rose 24x250ml,$84.00,,/shop/productdetails/1074205409/gift-pack-lautus-non-alcoholic-wine-rose-24x250ml
1073841260,"Gift Pack Trio Almost Zero Wines, Radiant Red, Ravishing Rosé and Wonderful White 0% Wine 750ml",$45.00,,/shop/productdetails/1073841260/gift-pack-trio-almost-zero-wines-radiant-red-ravishing-ros-and-wonderful-white-0-wine-750ml
205748,Heaps Normal Another Lager Low Alcohol Beer 375ml X 4 Pack,$16.00,$42.67 / 1L,/shop/productdetails/205748/heaps-normal-another-lager-low-alcohol-beer
1073961617,Hemp Kombucha Blueberry Hibiscus 350ml,$29.90,$7.12 / 1L,/shop/productdetails/1073961617/hemp-kombucha-blueberry-hibiscus-350ml
1073961616,Hemp Kombucha Wild Berry 350ml,$29.90,$7.12 / 1L,/shop/productdetails/1073961616/hemp-kombucha-wild-berry-350ml
1073950494,Jarritos Mango 370mL x 24 Pack,$75.96,$0.86 / 100ML,/shop/productdetails/1073950494/jarritos-mango-370ml-x-24-pack
1073950513,Jarritos Passionfruit 370mL x 24 Pack,$75.96,$0.86 / 100ML,/shop/productdetails/1073950513/jarritos-passionfruit-370ml-x-24-pack
1073950501,Joe's Classics 7 Fruits Juice 350mL x 12 Pack,$35.32,$0.84 / 100ML,/shop/productdetails/1073950501/joe-s-classics-7-fruits-juice-350ml-x-12-pack
309564,Lavazza Tales Of Italy Eternal Roma Ground Coffee 250g,$8.40,$3.36 / 100G,/shop/productdetails/309564/lavazza-tales-of-italy-eternal-roma-ground-coffee
1073944474,Naturally Driven Organic Sparkling Yerba Mate Yuzu Flavour 330ml 4pack,$17.50,$13.26 / 1L,/shop/productdetails/1073944474/naturally-driven-organic-sparkling-yerba-mate-yuzu-flavour-330ml-4pack
1074032814,Nescafe Original Granulated Coffee 382 Cups 650g,$41.25,$6.35 / 100G,/shop/productdetails/1074032814/nescafe-original-granulated-coffee-382-cups-650g
1073944473,Plus Hemp Hydrate 330ml 4pack,$16.00,$12.12 / 1L,/shop/productdetails/1073944473/plus-hemp-hydrate-330ml-4pack
1073944472,Plus Hemp Restore 330ml 4packs,$16.00,$12.12 / 1L,/shop/productdetails/1073944472/plus-hemp-restore-330ml-4packs
1074032750,Rejwan Turkish Coffee 100g,$25.49,$12.75 / 1EA,/shop/productdetails/1074032750/rejwan-turkish-coffee-100g
1073949097,Sidewinder Passionfruit XPA Non Alcoholic Beer 16 x 355ml Cans,$40.00,$0.70 / 100ML,/shop/productdetails/1073949097/sidewinder-passionfruit-xpa-non-alcoholic-beer-16-x-355ml-cans
1073961553,Tea Gardens Kombucha 350ml Citrus Lemon Lime x 48,$69.90,$4.16 / 1L,/shop/productdetails/1073961553/tea-gardens-kombucha-350ml-citrus-lemon-lime-x-48
1073961571,Tea Gardens Kombucha Mixed Flavours 800ml,$69.60,$3.63 / 1L,/shop/productdetails/1073961571/tea-gardens-kombucha-mixed-flavours-800ml
1074294340,USA Cans 355ml Fanta Pineapple Pk12,$34.12,$8.01 / 1L,/shop/productdetails/1074294340/usa-cans-355ml-fanta-pineapple-pk12
1074049675,rok+ Sparkling Functional Drink Clean Energy 330ml x 8,$40.00,$15.15 / 1L,/shop/productdetails/1074049675/rok-sparkling-functional-drink-clean-energy-330ml-x-8
1074114349,Boundless Kids Hydrogen Water 24 Pack,$34.80,$1.45 / 1EA,/shop/productdetails/1074114349/boundless-kids-hydrogen-water-24-pack
1073779529,Buddha Teas Nettle Leaf Tea 18serve,$8.00,$0.44 / 1EA,/shop/productdetails/1073779529/buddha-teas-nettle-leaf-tea-18serve
94541,Coca - Cola Diet Soft Drink Can 375ml,N/A,N/A,/shop/productdetails/94541/coca-cola-diet-soft-drink-can-can
1074372913,Cocoboost Mango Immunity Boost Coconut Water 12pc 330ml,$49.95,$4.16 / 1EA,/shop/productdetails/1074372913/cocoboost-mango-immunity-boost-coconut-water-12pc-330ml
1074128476,Espressotoria System Espresso Coffee Capsules - 12 Packs,$72.00,$6.00 / 1EA,/shop/productdetails/1074128476/espressotoria-system-espresso-coffee-capsules-12-packs
1073902978,Famous Soda Co Ginger Beer Soda 12 Pack x 330 ml Bottle,$46.99,$11.87 / 1L,/shop/productdetails/1073902978/famous-soda-co-ginger-beer-soda-12-pack-x-330-ml-bottle
160509,Grinders Coffee Ground Espresso 200g,$8.80,$4.40 / 100G,/shop/productdetails/160509/grinders-coffee-ground-espresso
307051,Mood Tea English Breakfast 10 Pack,$5.50,$0.55 / 1EA,/shop/productdetails/307051/mood-tea-english-breakfast
1073961517,Premium Sauvignon Blanc & Nibbles Gift Hamper,$139.95,,/shop/productdetails/1073961517/premium-sauvignon-blanc-nibbles-gift-hamper
1073908303,Primo Caffe Coffee Intenso Hermetic Capsules 2PK - 50pc,$44.00,$0.44 / 1EA,/shop/productdetails/1073908303/primo-caffe-coffee-intenso-hermetic-capsules-2pk-50pc
1073961642,Pukka Herbs Three Chamomile Tea Bags 20pack x 2,$17.90,$0.45 / 1EA,/shop/productdetails/1073961642/pukka-herbs-three-chamomile-tea-bags-20pack-x-2
1074294402,Soda Boss 375ml Cans Strawberry Gummies pk12,$25.75,$5.72 / 1L,/shop/productdetails/1074294402/soda-boss-375ml-cans-strawberry-gummies-pk12
1073974653,The Tea Collective Yoga Loose Leaf Organic Herbal Collection 100g,$31.95,$31.95 / 100G,/shop/productdetails/1073974653/the-tea-collective-yoga-loose-leaf-organic-herbal-collection-100g
1073934995,Veuve Clicquot Gift Set,$138.00,,/shop/productdetails/1073934995/veuve-clicquot-gift-set
1073811807,White Wine & Premium Gourmet Chocolate Nuts & Cracker Gift Hamper,$119.95,,/shop/productdetails/1073811807/white-wine-premium-gourmet-chocolate-nuts-cracker-gift-hamper
1074049678,rok Kombucha Ginger Pop 330ml x 8,$36.00,$13.64 / 1L,/shop/productdetails/1074049678/rok-kombucha-ginger-pop-330ml-x-8
1073833893,Beforeyouspeak Coffee Collagen Coffee Mocha 30 serve,$69.95,$2.33 / 1EA,/shop/productdetails/1073833893/beforeyouspeak-coffee-collagen-coffee-mocha-30-serve
1073833888,Beforeyouspeak Coffee Performance Coffee The Og 30 serve,$69.95,$2.33 / 1EA,/shop/productdetails/1073833888/beforeyouspeak-coffee-performance-coffee-the-og-30-serve
1073934986,Blind Tiger Gift Set,$130.00,,/shop/productdetails/1073934986/blind-tiger-gift-set
1074294409,Bundaberg 375ml Pink Grapefruit Pk12,$30.46,$6.77 / 1L,/shop/productdetails/1074294409/bundaberg-375ml-pink-grapefruit-pk12
1074005540,Byron Bay Gifts Beer & Byron Jerky Gift Baskets,$105.00,,/shop/productdetails/1074005540/byron-bay-gifts-beer-byron-jerky-gift-baskets
1074294343,Coca Cola 600ml Vanilla Coke pk24,$78.01,$5.42 / 1L,/shop/productdetails/1074294343/coca-cola-600ml-vanilla-coke-pk24
1074024179,Coffee Hero Colombian Decaf single origin whole beans 500g,$29.99,$6.00 / 100G,/shop/productdetails/1074024179/coffee-hero-colombian-decaf-single-origin-whole-beans-500g
1074024204,Coffee Hero Turkish Delight whole beans 1kg,$59.99,$6.00 / 100G,/shop/productdetails/1074024204/coffee-hero-turkish-delight-whole-beans-1kg
1073961528,Cognac Lovers & Gourmet Food Gift Hamper,$229.95,,/shop/productdetails/1073961528/cognac-lovers-gourmet-food-gift-hamper
296337,Dilmah Premium Ceylon Black Tea 80 Pack,$8.00,$0.10 / 1EA,/shop/productdetails/296337/dilmah-premium-ceylon-black-tea
1073779617,Egyptian Red Herbal Tea Bags Tea Of The Pharaohs 40pack,$21.95,$0.55 / 1EA,/shop/productdetails/1073779617/egyptian-red-herbal-tea-bags-tea-of-the-pharaohs-40pack
1074128495,Espressotoria System Italian Coffee Capsules - 12 Packs,$72.00,$6.00 / 1EA,/shop/productdetails/1074128495/espressotoria-system-italian-coffee-capsules-12-packs
1073903222,Famous Soda Co Blood Orange Soda 24 Pack x 250ml Cans,$46.75,$7.79 / 1L,/shop/productdetails/1073903222/famous-soda-co-blood-orange-soda-24-pack-x-250ml-cans
1073811802,Finest Gourmet Food & Red Wine GIft Hamper,$139.95,,/shop/productdetails/1073811802/finest-gourmet-food-red-wine-gift-hamper
1073890414,Foodies Gourmet Food Mumm St Hugo Sparkling Chocolate Nuts & Cracker Gift Hamper,$299.95,,/shop/productdetails/1073890414/foodies-gourmet-food-mumm-st-hugo-sparkling-chocolate-nuts-cracker-gift-hamper
1073961518,G.H. Mumm Champagne & Selection Gift Hamper,$249.95,,/shop/productdetails/1073961518/g-h-mumm-champagne-selection-gift-hamper
1073811823,G.H. Mumm Grand Cordon Champagne Gourmet Food Gift Hamper,$259.95,,/shop/productdetails/1073811823/g-h-mumm-grand-cordon-champagne-gourmet-food-gift-hamper
1073811821,G.H. Mumm Premium Champagne Gourmet Food Gift Hamper,$219.95,,/shop/productdetails/1073811821/g-h-mumm-premium-champagne-gourmet-food-gift-hamper
1073961521,Gin Lovers & Gourmet Food Gift Hamper,$229.95,,/shop/productdetails/1073961521/gin-lovers-gourmet-food-gift-hamper
1073807028,Hottea Mama Get Up And Glow 15pack,$15.75,$1.05 / 1EA,/shop/productdetails/1073807028/hottea-mama-get-up-and-glow-15pack
1073807033,Hottea Mama Take A Pause 15pk,$15.75,$1.05 / 1EA,/shop/productdetails/1073807033/hottea-mama-take-a-pause-15pk
1074025789,Illy Blend Intenso Bold Roast Espresso Coffee Beans 1500g,$79.00,,/shop/productdetails/1074025789/illy-blend-intenso-bold-roast-espresso-coffee-beans-1500g
1073950497,Joe's Classics Mango & Banana Juice 350mL x 12 Pack,$35.32,$0.84 / 100ML,/shop/productdetails/1073950497/joe-s-classics-mango-banana-juice-350ml-x-12-pack
1074044221,Lavazza A Modo Mio Passionale Capsules 216 Pods,$150.00,$69.44 / 100EA,/shop/productdetails/1074044221/lavazza-a-modo-mio-passionale-capsules-216-pods
1073982304,Lavazza Qualita Rossa Nespresso Compatible Capsules 240 Pods,$140.00,$58.33 / 100EA,/shop/productdetails/1073982304/lavazza-qualita-rossa-nespresso-compatible-capsules-240-pods
1074294345,Lipton Ice Tea 500ml Green Tea Citrus Pk12,$35.68,$5.95 / 1L,/shop/productdetails/1074294345/lipton-ice-tea-500ml-green-tea-citrus-pk12
1073890980,Lo Bros Kombucha Passionfruit Box 250ml 4pack X 6,$52.50,$0.88 / 100ML,/shop/productdetails/1073890980/lo-bros-kombucha-passionfruit-box-250ml-4pack-x-6
1073935662,Luxury Alcohol Gift Hamper,$490.00,,/shop/productdetails/1073935662/luxury-alcohol-gift-hamper
1073933234,Lyre's Highland Malt Non-Alcoholic Spirit - Malt Whiskey Style,$44.99,$6.43 / 100ML,/shop/productdetails/1073933234/lyre-s-highland-malt-non-alcoholic-spirit-malt-whiskey-style
933629,Map Clean Bean Cleaning System Each,$7.50,$7.50 / 1EA,/shop/productdetails/933629/map-clean-bean-cleaning-system
982038,Mismatch Brewing Co Zero Pale Ale Cans 375ml X 6 Pack,$16.50,$7.33 / 1L,/shop/productdetails/982038/mismatch-brewing-co-zero-pale-ale-cans
1073811825,Monkey 47 Dry Gin & World's Finest Gourmet Food Gift Hamper,$289.95,,/shop/productdetails/1073811825/monkey-47-dry-gin-world-s-finest-gourmet-food-gift-hamper
1073927494,New York Cocktail Infusion Mixer Red Sangria Bottle w/ Small Sieve 120g,$21.00,$17.50 / 100G,/shop/productdetails/1073927494/new-york-cocktail-infusion-mixer-red-sangria-bottle-w-small-sieve-120g
1074294337,Nippy's 500ml Bottles Iced Coffee Flavoured Milk Pk12,$46.66,$7.78 / 1L,/shop/productdetails/1074294337/nippy-s-500ml-bottles-iced-coffee-flavoured-milk-pk12
1073953000,Planet Organic Colic 25pack,$10.00,$0.40 / 1EA,/shop/productdetails/1073953000/planet-organic-colic-25pack
1073953001,Planet Organic Morning Wellness 25pack,$10.00,$0.40 / 1EA,/shop/productdetails/1073953001/planet-organic-morning-wellness-25pack
1074114329,Pokka Jasmine Green Tea 1.5L X 3Pack,$22.99,$7.66 / 1EA,/shop/productdetails/1074114329/pokka-jasmine-green-tea-1-5l-x-3pack
1073959590,Pukka Herbs Three Fennel Tea Bags 2x20packs,$17.90,$0.45 / 1EA,/shop/productdetails/1073959590/pukka-herbs-three-fennel-tea-bags-2x20packs
1073797668,Pure Product Australia Meal Replacement Shake Chocolate 1000g,$39.95,$4.00 / 100G,/shop/productdetails/1073797668/pure-product-australia-meal-replacement-shake-chocolate-1000g
1073935480,Purely Gourmet Whisky & Snacks Gift Hamper (Glenmorangie),$250.00,,/shop/productdetails/1073935480/purely-gourmet-whisky-snacks-gift-hamper-glenmorangie-
1073811800,Red Wine & Premium Gourmet Selection Gift Hamper,$119.95,,/shop/productdetails/1073811800/red-wine-premium-gourmet-selection-gift-hamper
1073935664,Regal Selection Gift Hamper,$375.00,,/shop/productdetails/1073935664/regal-selection-gift-hamper
1074294379,Schweppes 600ml Solo Original Pk24,$76.44,$5.31 / 1L,/shop/productdetails/1074294379/schweppes-600ml-solo-original-pk24
1073949095,Sidewinder XPA Deluxe Non Alcoholic Beer 16 X 355ML Cans,$40.00,$0.70 / 100ML,/shop/productdetails/1073949095/sidewinder-xpa-deluxe-non-alcoholic-beer-16-x-355ml-cans
1074052570,Stitch Coffee Matcha Pods 10pk,$25.00,$25.00 / 1EA,/shop/productdetails/1074052570/stitch-coffee-matcha-pods-10pk
1074023452,Tastebuds Queen of Hearts Ferrero Rocher Chocolate Bouquet,$85.00,,/shop/productdetails/1074023452/tastebuds-queen-of-hearts-ferrero-rocher-chocolate-bouquet
1074023475,Tastebuds Toblerone Chocolate Bar With Mini Chocolates,$105.00,,/shop/productdetails/1074023475/tastebuds-toblerone-chocolate-bar-with-mini-chocolates
1073963073,The Hamper Emporium - Lounging in Luxury with Red Wine Hamper,$169.00,,/shop/productdetails/1073963073/the-hamper-emporium-lounging-in-luxury-with-red-wine-hamper
1073963021,The Hamper Emporium - Sheridan Baby Girl Snuggles with Moet Hamper,$269.00,,/shop/productdetails/1073963021/the-hamper-emporium-sheridan-baby-girl-snuggles-with-moet-hamper
1073963075,The Hamper Emporium - The Elevated Homebody with Red Wine Hamper,$229.00,,/shop/productdetails/1073963075/the-hamper-emporium-the-elevated-homebody-with-red-wine-hamper
1073961295,The Hamper Emporium Pure Gold Luxury Foodies Hamper,$299.00,,/shop/productdetails/1073961295/the-hamper-emporium-pure-gold-luxury-foodies-hamper
1073780344,The Healthy Chef Sleep Tea 60g,$29.95,$49.92 / 100G,/shop/productdetails/1073780344/the-healthy-chef-sleep-tea-60g
1074294292,USA Cans 355ml Fanta Berry pk12,$34.16,$8.02 / 1L,/shop/productdetails/1074294292/usa-cans-355ml-fanta-berry-pk12
1074032882,Vonbee Citron & Ginger Honey Tea 2kg,$42.00,$2.10 / 100G,/shop/productdetails/1074032882/vonbee-citron-ginger-honey-tea-2kg
1073846501,Welcome Baby Hamper with G.H.Mumm Champagne,$239.95,,/shop/productdetails/1073846501/welcome-baby-hamper-with-g-h-mumm-champagne
1073961508,Whisky Lovers & Gourmet Food Gift Hamper,$229.95,,/shop/productdetails/1073961508/whisky-lovers-gourmet-food-gift-hamper
1073944661,White Wine Gift Box,$58.00,,/shop/productdetails/1073944661/white-wine-gift-box
1074049673,rok+ Sparkling Functional Drink Beauty 330ml x 8,$40.00,$15.15 / 1L,/shop/productdetails/1074049673/rok-sparkling-functional-drink-beauty-330ml-x-8
1074049674,rok+ Sparkling Functional Drink Chill 330ml x 8,$40.00,$15.15 / 1L,/shop/productdetails/1074049674/rok-sparkling-functional-drink-chill-330ml-x-8
1073927516,Arkadia Drinking Chocolate 1KG 24% Cocoa,$26.00,$2.60 / 100G,/shop/productdetails/1073927516/arkadia-drinking-chocolate-1kg-24-cocoa
1073927530,Arkadia Lemonade Syrup 750ml,$29.00,$3.87 / 100ML,/shop/productdetails/1073927530/arkadia-lemonade-syrup-750ml
1073927447,Arkadia Peppermint Syrup 750ml,$29.00,$3.87 / 100ML,/shop/productdetails/1073927447/arkadia-peppermint-syrup-750ml
1073968114,Artisan Drinks Australia - Bubbly Soda Water 200ml × 24 Packs,$50.00,$10.42 / 1L,/shop/productdetails/1073968114/artisan-drinks-australia-bubbly-soda-water-200ml-24-packs
182851,Avalanche Christmas 2021 Bubble Tea Gift Box Each,N/A,N/A,/shop/productdetails/182851/avalanche-christmas-2021-bubble-tea-gift-box
1073962786,B&D Flower Tea Pineapple White Tea 2.8g*10 cups,$24.59,$2.46 / 1EA,/shop/productdetails/1073962786/b-d-flower-tea-pineapple-white-tea-2-8g-10-cups
1073962788,B&D Flower Tea cup tea Osmanthus sorbet tea 2.8g*10 cups,$24.49,$2.45 / 1EA,/shop/productdetails/1073962788/b-d-flower-tea-cup-tea-osmanthus-sorbet-tea-2-8g-10-cups
1073833892,Beforeyouspeak Coffee Collagen Coffee Original 30 serve,$69.95,$2.33 / 1EA,/shop/productdetails/1073833892/beforeyouspeak-coffee-collagen-coffee-original-30-serve
1073833889,Beforeyouspeak Coffee Performance Coffee Caramel 30 serve,$69.95,$2.33 / 1EA,/shop/productdetails/1073833889/beforeyouspeak-coffee-performance-coffee-caramel-30-serve
1074001201,Bodhi Organic Tea - Masala Chai Spiced Tea 80 gm Loose Leaf x 2 packs,$27.90,$34.88 / 100G,/shop/productdetails/1074001201/bodhi-organic-tea-masala-chai-spiced-tea-80-gm-loose-leaf-x-2-packs
1074001226,Bodhi Organic Tea - Tranquilitea Sleep 70 gm Loose Leaf x 2 packs,$26.20,$37.43 / 100G,/shop/productdetails/1074001226/bodhi-organic-tea-tranquilitea-sleep-70-gm-loose-leaf-x-2-packs
1074005537,Byron Bay Gifts Luxury Corporate Christmas Gifts,$319.00,,/shop/productdetails/1074005537/byron-bay-gifts-luxury-corporate-christmas-gifts
1073944653,Celebration Gift Hamper,$65.00,,/shop/productdetails/1073944653/celebration-gift-hamper
1074372912,Cocoboost Guava Rejuvination Coconut Water 12pc 330ml,$49.95,$4.16 / 1EA,/shop/productdetails/1074372912/cocoboost-guava-rejuvination-coconut-water-12pc-330ml
1074372915,Cocoboost Original Metabolism Boost Coconut Water 12pc 330ml,$49.95,$4.16 / 1EA,/shop/productdetails/1074372915/cocoboost-original-metabolism-boost-coconut-water-12pc-330ml
1074024189,Coffee Hero Kenya Gachuiro whole beans 1kg,$67.99,$6.80 / 100G,/shop/productdetails/1074024189/coffee-hero-kenya-gachuiro-whole-beans-1kg
1074024170,Coffee Hero Smooth Operator whole beans 500g,$29.99,$6.00 / 100G,/shop/productdetails/1074024170/coffee-hero-smooth-operator-whole-beans-500g
1073811815,Entertaining BBQ Beer & Pulled Pork Cheese Gift Hamper,$159.95,,/shop/productdetails/1073811815/entertaining-bbq-beer-pulled-pork-cheese-gift-hamper
1073961529,Foodies Gourmet Food St Hugo White & Red Wine Chocolate Nuts & Cracker Gift Hamper,$249.95,,/shop/productdetails/1073961529/foodies-gourmet-food-st-hugo-white-red-wine-chocolate-nuts-cracker-gift-hamper
1073911135,Fraus Matcha Latte Green Tea 200g x 6 Packs,$50.00,$3.33 / 100G,/shop/productdetails/1073911135/fraus-matcha-latte-green-tea-200g-x-6-packs
1073995283,Hottea Mama Over The Moon 15pack,$15.75,,/shop/productdetails/1073995283/hottea-mama-over-the-moon-15pack
1073908328,Illy Classico Coffee Beans 250g 6PK,$83.00,$13.83 / 1EA,/shop/productdetails/1073908328/illy-classico-coffee-beans-250g-6pk
1073908305,Illy Colombia iperEspresso Coffee Capsules 140g 21pc,$33.00,$1.57 / 1EA,/shop/productdetails/1073908305/illy-colombia-iperespresso-coffee-capsules-140g-21pc
1073908326,Illy Intenso Coffee Beans 250g 3PK,$49.00,$16.33 / 1EA,/shop/productdetails/1073908326/illy-intenso-coffee-beans-250g-3pk
1073908202,Illy Intenso Espresso Ground Coffee 250g 3PK,$52.00,$17.33 / 1EA,/shop/productdetails/1073908202/illy-intenso-espresso-ground-coffee-250g-3pk
1073950519,Joe's Classics Apple Juice 350mL x 12 Pack,$35.32,$0.84 / 100ML,/shop/productdetails/1073950519/joe-s-classics-apple-juice-350ml-x-12-pack
1073950498,Joe's Classics Orange Juice 350mL x 12 Pack,$35.32,$0.84 / 100ML,/shop/productdetails/1073950498/joe-s-classics-orange-juice-350ml-x-12-pack
1073950520,Joe's Classics Pineapple Juice 350mL x 12 Pack,$35.32,$0.84 / 100ML,/shop/productdetails/1073950520/joe-s-classics-pineapple-juice-350ml-x-12-pack
1074001251,Jomeis Fine Foods Matcha Latte Duo Pack - 200g,$34.95,$14.56 / 100G,/shop/productdetails/1074001251/jomeis-fine-foods-matcha-latte-duo-pack-200g
310641,Lavazza Qualita Oro Gran Riserva Coffee Beans 1kg,$26.40,$2.64 / 100G,/shop/productdetails/310641/lavazza-qualita-oro-gran-riserva-coffee-beans
1074294305,Lipton Ice Tea 500ml Passionfruit Pk12,$35.68,$5.95 / 1L,/shop/productdetails/1074294305/lipton-ice-tea-500ml-passionfruit-pk12
1073811174,Lyre's Alcohol Free Non-Alcoholic Espresso Martini Gift Set,$97.50,,/shop/productdetails/1073811174/lyre-s-alcohol-free-non-alcoholic-espresso-martini-gift-set
1073918013,Lyre's Summer Spritz Non-Alcoholic Set (Pack of 2) | Orange Sec (Triple Sec Style) & Italian Orange (Aperitivo Style) | Award Winning | 700ml x 2,$80.98,,/shop/productdetails/1073918013/lyre-s-summer-spritz-non-alcoholic-set-pack-of-2-orange-sec-triple-sec-style-italian-orange-aperitivo-style-award-winning-700ml-x-2
1074002186,MirMir Organics Certified Organic Triphala Tea Pyramid Tea Bags 40gm x 2 packs,$23.50,$58.75 / 100G,/shop/productdetails/1074002186/mirmir-organics-certified-organic-triphala-tea-pyramid-tea-bags-40gm-x-2-packs
1074294332,Mountain Fresh 400ml Apple & Mango Juice pk12,$39.24,$8.18 / 1L,/shop/productdetails/1074294332/mountain-fresh-400ml-apple-mango-juice-pk12
1074020961,Naked Life Non-Alcoholic American Malt Spirit and Cola 24 x 250ml Cans,$81.00,$81.00 / 1L,/shop/productdetails/1074020961/naked-life-non-alcoholic-american-malt-spirit-and-cola-24-x-250ml-cans
1074020969,Naked Life Non-Alcoholic Caribbean Spiced 700ml,$39.95,$57.07 / 1L,/shop/productdetails/1074020969/naked-life-non-alcoholic-caribbean-spiced-700ml
1074020972,Naked Life Non-Alcoholic Mojito 24 x 250ml Cans,$81.00,$81.00 / 1L,/shop/productdetails/1074020972/naked-life-non-alcoholic-mojito-24-x-250ml-cans
1074020958,Naked Life Non-Alcoholic Negroni Spritz 24 x 250ml Cans,$81.00,$81.00 / 1L,/shop/productdetails/1074020958/naked-life-non-alcoholic-negroni-spritz-24-x-250ml-cans
1074020964,Naked Life Non-Alcoholic Tennessee Malt Spirit 700ml,$39.95,$57.07 / 1L,/shop/productdetails/1074020964/naked-life-non-alcoholic-tennessee-malt-spirit-700ml
1074020966,Naked Life Non-Alcoholic Veneto Spritz 700ml,$39.95,$57.07 / 1L,/shop/productdetails/1074020966/naked-life-non-alcoholic-veneto-spritz-700ml
222430,Naked Life Original Betta Bobo Milk Bubble Tea Cans 315ml X4 Pack,$12.00,$9.52 / 1L,/shop/productdetails/222430/naked-life-original-betta-bobo-milk-bubble-tea-cans
1073846504,New Baby Arrival Celebration Hamper,$259.95,,/shop/productdetails/1073846504/new-baby-arrival-celebration-hamper
1073927503,New York Cocktail Infusion Mixer Strawberry Daiquiri Bottle w/ Small Sieve 112g,$21.00,$18.75 / 100G,/shop/productdetails/1073927503/new-york-cocktail-infusion-mixer-strawberry-daiquiri-bottle-w-small-sieve-112g
1074025778,New York Cocktail Infusion Mixer White Sangria Bottle 110g w/ Small Sieve,$21.00,$19.09 / 100G,/shop/productdetails/1074025778/new-york-cocktail-infusion-mixer-white-sangria-bottle-110g-w-small-sieve
1074294371,Nippy's 375ml Iced Strawberry Flavoured Milk Pk24,$65.47,$7.27 / 1L,/shop/productdetails/1074294371/nippy-s-375ml-iced-strawberry-flavoured-milk-pk24
296713,Pablo & Rusty Specialty Coffee Concentrate Trailblazer 500ml,$10.00,$2.00 / 100ML,/shop/productdetails/296713/pablo-rusty-specialty-coffee-concentrate-trailblazer
1073933832,Pickle & Spice Premium Whole Coffee Beans 500gm x 2 packs,$39.50,$3.95 / 100G,/shop/productdetails/1073933832/pickle-spice-premium-whole-coffee-beans-500gm-x-2-packs
1073935661,Platinum Picnic Basket & Alcohol Gourmet Hamper,$650.00,,/shop/productdetails/1073935661/platinum-picnic-basket-alcohol-gourmet-hamper
1073908325,Primo Caffe Certified Organic Ground Coffee 250g 2PK,$27.00,$13.50 / 1EA,/shop/productdetails/1073908325/primo-caffe-certified-organic-ground-coffee-250g-2pk
1074294362,Schweppes 300ml Tonic Water Pk24,$44.04,$6.12 / 1L,/shop/productdetails/1074294362/schweppes-300ml-tonic-water-pk24
1073933229,Spiced Cane Non-Alcoholic Spirit - Spiced Rum Style | Lyre's 700ml,$44.99,$6.43 / 100ML,/shop/productdetails/1073933229/spiced-cane-non-alcoholic-spirit-spiced-rum-style-lyre-s-700ml
1074052564,Stitch Coffee Higgs Field Blend Coffee Drip Bags 10pk - Premium Specialty Coffee,$21.00,$2.10 / 1EA,/shop/productdetails/1074052564/stitch-coffee-higgs-field-blend-coffee-drip-bags-10pk-premium-specialty-coffee
1074114326,Suntory Probiotics Sparkling Drink Non-alcoholic 350ml X 5Pack,$22.99,$4.60 / 1EA,/shop/productdetails/1074114326/suntory-probiotics-sparkling-drink-non-alcoholic-350ml-x-5pack
1073968184,Tasmanian Lark Distillery Classic Christmas Single Malt Whiskey Twin Gift Pack Hamper,$130.00,,/shop/productdetails/1073968184/tasmanian-lark-distillery-classic-christmas-single-malt-whiskey-twin-gift-pack-hamper
1073961572,Tea Gardens Kombucha Citrus Lemon Lime 800ml,$69.60,$3.63 / 1L,/shop/productdetails/1073961572/tea-gardens-kombucha-citrus-lemon-lime-800ml
1073961618,Tea Gardens Kombucha Coconut & Lime 800ml,$69.60,$3.63 / 1L,/shop/productdetails/1073961618/tea-gardens-kombucha-coconut-lime-800ml
1073961628,Tea Gardens Kombucha Mixed Flavours 350ml,$59.90,$7.13 / 1L,/shop/productdetails/1073961628/tea-gardens-kombucha-mixed-flavours-350ml
1073963059,The Hamper Emporium - More Than Flowers with Moet Hamper,$249.00,,/shop/productdetails/1073963059/the-hamper-emporium-more-than-flowers-with-moet-hamper
1073963076,The Hamper Emporium - The Elevated Homebody with Chandon Hamper,$249.00,,/shop/productdetails/1073963076/the-hamper-emporium-the-elevated-homebody-with-chandon-hamper
1073963077,The Hamper Emporium - The Elevated Homebody with Moet Hamper,$299.00,,/shop/productdetails/1073963077/the-hamper-emporium-the-elevated-homebody-with-moet-hamper
1073963015,The Hamper Emporium Iconic Baby Essentials Hamper With Moet,$369.00,,/shop/productdetails/1073963015/the-hamper-emporium-iconic-baby-essentials-hamper-with-moet
1073963017,The Hamper Emporium Sheridan Baby Boy Snuggles with Moet Hamper,$249.00,,/shop/productdetails/1073963017/the-hamper-emporium-sheridan-baby-boy-snuggles-with-moet-hamper
1073979579,The Organic Tea Project Sticky Chai 3 Pack,$44.70,$14.90 / 1EA,/shop/productdetails/1073979579/the-organic-tea-project-sticky-chai-3-pack
1073935663,Top Shelf Liquor Gift Hamper!,$450.00,,/shop/productdetails/1073935663/top-shelf-liquor-gift-hamper-
1074051801,Waves & Caves Ginger Beer 330ml x 12,$45.00,$11.36 / 1L,/shop/productdetails/1074051801/waves-caves-ginger-beer-330ml-x-12
300452,Woolworths Coffee Beans Espresso 1kg,N/A,N/A,/shop/productdetails/300452/woolworths-coffee-beans-espresso
1073962821,Yun Pufa Nourishing Bag Infusion Tea Lotus Leaf Cassia Pu-er Tea 15pcs*3g,$20.79,$46.20 / 100G,/shop/productdetails/1073962821/yun-pufa-nourishing-bag-infusion-tea-lotus-leaf-cassia-pu-er-tea-15pcs-3g
1073962824,Yunpufa Health Bag Infusion Tea Mulberry Chrysanthemum Shuangji Pu-er Tea 15pcs*3.6g,$20.79,$38.50 / 100G,/shop/productdetails/1073962824/yunpufa-health-bag-infusion-tea-mulberry-chrysanthemum-shuangji-pu-er-tea-15pcs-3-6g
1074049679,rok Kombucha Berry Beats 330ml x 8,$36.00,$13.64 / 1L,/shop/productdetails/1074049679/rok-kombucha-berry-beats-330ml-x-8
1073846525,Amazonia Raw Wholefood Extracts Vitamin C+ Passionfruit 120g,$35.95,$29.96 / 100G,/shop/productdetails/1073846525/amazonia-raw-wholefood-extracts-vitamin-c-passionfruit-120g
1073927509,Arkadia Chocolate Frappe Powder 1KG,$33.00,$3.30 / 100G,/shop/productdetails/1073927509/arkadia-chocolate-frappe-powder-1kg
1073927515,Arkadia Drinking Chocolate 1KG 40% Cocoa,$27.00,$2.70 / 100G,/shop/productdetails/1073927515/arkadia-drinking-chocolate-1kg-40-cocoa
1073927522,Arkadia White Chocolate Powder 1KG,$33.00,$3.30 / 100G,/shop/productdetails/1073927522/arkadia-white-chocolate-powder-1kg
1073944638,Asahi Cooler Gift Hamper,$78.00,,/shop/productdetails/1073944638/asahi-cooler-gift-hamper
1073944639,Aussie Tempter Gift Hamper,$75.00,,/shop/productdetails/1073944639/aussie-tempter-gift-hamper
1073962787,B&D Flower Tea cup tea Peach Oolong tea 2.8g*10 cups,$24.49,$2.45 / 1EA,/shop/productdetails/1073962787/b-d-flower-tea-cup-tea-peach-oolong-tea-2-8g-10-cups
1073962789,B&D Flower Tea cup tea White jasmine prickly pear tea 2.8g*10 cups,$24.49,$2.45 / 1EA,/shop/productdetails/1073962789/b-d-flower-tea-cup-tea-white-jasmine-prickly-pear-tea-2-8g-10-cups
1073911129,BOB Vegan Cocoa Drinking Chocolate 250g x 3 Packs,$30.00,$4.00 / 100G,/shop/productdetails/1073911129/bob-vegan-cocoa-drinking-chocolate-250g-x-3-packs
1073897708,BSc Body Science Clean Coffee Brain Fuel 150g,$26.95,$17.97 / 100G,/shop/productdetails/1073897708/bsc-body-science-clean-coffee-brain-fuel-150g
1073944646,Beachgoer Gift Hamper,$68.00,,/shop/productdetails/1073944646/beachgoer-gift-hamper
1073833894,Beforeyouspeak Coffee Adrenal Decaf Coffee Mocha 30 serve,$69.95,$2.33 / 1EA,/shop/productdetails/1073833894/beforeyouspeak-coffee-adrenal-decaf-coffee-mocha-30-serve
1073833891,Beforeyouspeak Coffee Performance Coffee Assorted 30 serve,$69.95,$2.33 / 1EA,/shop/productdetails/1073833891/beforeyouspeak-coffee-performance-coffee-assorted-30-serve
1073833890,Beforeyouspeak Coffee Performance Coffee Unsweetened 30 serve,$69.95,$2.33 / 1EA,/shop/productdetails/1073833890/beforeyouspeak-coffee-performance-coffee-unsweetened-30-serve
1074192957,Beloka Naturally Still Water 24 x 200ml,$77.16,$3.22 / 1EA,/shop/productdetails/1074192957/beloka-naturally-still-water-24-x-200ml
1074192958,Beloka Naturally Still Water 24 x 330ml,$74.50,$3.10 / 1EA,/shop/productdetails/1074192958/beloka-naturally-still-water-24-x-330ml
1074001146,Bodhi Organic Tea - Black Beautea French Earl grey 40 gm Loose Leaf x 2 packs,$26.20,$65.50 / 100G,/shop/productdetails/1074001146/bodhi-organic-tea-black-beautea-french-earl-grey-40-gm-loose-leaf-x-2-packs
1074001147,Bodhi Organic Tea - Cognitivitea Memory 70 gm Loose Leaf x 2 packs,$26.20,$37.43 / 100G,/shop/productdetails/1074001147/bodhi-organic-tea-cognitivitea-memory-70-gm-loose-leaf-x-2-packs
1074001166,Bodhi Organic Tea - Honestea English Breakfast 60 gm Loose Leaf x 2 packs,$26.20,$43.67 / 100G,/shop/productdetails/1074001166/bodhi-organic-tea-honestea-english-breakfast-60-gm-loose-leaf-x-2-packs
1074001212,Bodhi Organic Tea - Immunitea Defence 40 gm Loose Leaf x 2 packs,$26.20,$65.50 / 100G,/shop/productdetails/1074001212/bodhi-organic-tea-immunitea-defence-40-gm-loose-leaf-x-2-packs
1074001183,Bodhi Organic Tea - Mother's Milk Breastfeeding Loose Leaf Tea 70 gm x 2 packs,$26.20,$37.43 / 100G,/shop/productdetails/1074001183/bodhi-organic-tea-mother-s-milk-breastfeeding-loose-leaf-tea-70-gm-x-2-packs
1074001197,Bodhi Organic Tea - Zestea Invigorating 70 gm Loose Leaf x 2 packs,$26.20,,/shop/productdetails/1074001197/bodhi-organic-tea-zestea-invigorating-70-gm-loose-leaf-x-2-packs
1073944643,Brancott Shopper Gift Hamper,$70.00,,/shop/productdetails/1073944643/brancott-shopper-gift-hamper
1073961397,Brown Brothers Australia's Finest Sparkling Rose,$49.00,,/shop/productdetails/1073961397/brown-brothers-australia-s-finest-sparkling-rose
1074294297,Bundaberg 375ml Peachee Pk12,$30.46,$6.77 / 1L,/shop/productdetails/1074294297/bundaberg-375ml-peachee-pk12
1074005528,Byron Bay Gifts Christmas Celebration,$105.00,,/shop/productdetails/1074005528/byron-bay-gifts-christmas-celebration
1074005526,Byron Bay Gifts Sparkling Christmas Hampers,$89.00,,/shop/productdetails/1074005526/byron-bay-gifts-sparkling-christmas-hampers
1073945853,Calypso Ocean Blue Lemonade 473mL x 12 Pack,$50.95,$0.90 / 100ML,/shop/productdetails/1073945853/calypso-ocean-blue-lemonade-473ml-x-12-pack
1073950017,Calypso Strawberry Lemonade 473mL x 12 Pack,$50.95,$0.90 / 100ML,/shop/productdetails/1073950017/calypso-strawberry-lemonade-473ml-x-12-pack
1073945855,Calypso Triple Melon Lemonade 473mL x 12 Pack,$50.95,$0.90 / 100ML,/shop/productdetails/1073945855/calypso-triple-melon-lemonade-473ml-x-12-pack
1073811817,Champagne & Gourmet Goodies Gourmet Food Gift Hamper,$189.95,,/shop/productdetails/1073811817/champagne-gourmet-goodies-gourmet-food-gift-hamper
1073944635,Cheeseboard & Red Gift Hamper,$78.00,,/shop/productdetails/1073944635/cheeseboard-red-gift-hamper
1073944636,Cheeseboard & Rosé Gift Hamper,$78.00,,/shop/productdetails/1073944636/cheeseboard-ros-gift-hamper
1073934952,Chivas Regal Scotch Gift Set,$125.00,,/shop/productdetails/1073934952/chivas-regal-scotch-gift-set
1073968186,Christmas G.H.Mumm Sparkling ROSE Champagne 2 Bottle Ice Bucket Gift Tin Hamper,$209.00,,/shop/productdetails/1073968186/christmas-g-h-mumm-sparkling-rose-champagne-2-bottle-ice-bucket-gift-tin-hamper
1073967960,Christmas Sauvignon Blanc & Shiraz Red & White Wine Twin Pack Gift Hamper,$59.99,,/shop/productdetails/1073967960/christmas-sauvignon-blanc-shiraz-red-white-wine-twin-pack-gift-hamper
1074024182,Coffee Hero Colombia Supremo Tenza Valley whole beans 500g,$29.99,$6.00 / 100G,/shop/productdetails/1074024182/coffee-hero-colombia-supremo-tenza-valley-whole-beans-500g
1074024180,Coffee Hero Colombian Decaf single origin whole beans 1kg,$55.95,$5.60 / 100G,/shop/productdetails/1074024180/coffee-hero-colombian-decaf-single-origin-whole-beans-1kg
1074024202,Coffee Hero Ethiopia Muda Tatesa whole beans 1kg,$67.99,$6.80 / 100G,/shop/productdetails/1074024202/coffee-hero-ethiopia-muda-tatesa-whole-beans-1kg
1074024201,Coffee Hero Ethiopia Muda Tatesa whole beans 500g,$44.99,$9.00 / 100G,/shop/productdetails/1074024201/coffee-hero-ethiopia-muda-tatesa-whole-beans-500g
1074024188,Coffee Hero Kenya Gachuiro whole beans 500g,$44.99,$9.00 / 100G,/shop/productdetails/1074024188/coffee-hero-kenya-gachuiro-whole-beans-500g
1074024174,Coffee Hero Kickstart whole beans 1kg,$59.99,$12.00 / 100G,/shop/productdetails/1074024174/coffee-hero-kickstart-whole-beans-1kg
1074024173,Coffee Hero Kickstart whole beans 500g,$29.99,$3.00 / 100G,/shop/productdetails/1074024173/coffee-hero-kickstart-whole-beans-500g
1074024196,Coffee Hero Peru Kontiki whole beans 250g,$19.99,$8.00 / 100G,/shop/productdetails/1074024196/coffee-hero-peru-kontiki-whole-beans-250g
1074024171,Coffee Hero Smooth Operator whole beans 1kg,$59.95,$6.00 / 100G,/shop/productdetails/1074024171/coffee-hero-smooth-operator-whole-beans-1kg
1073944633,Cool Corona Gift Hamper,$83.00,,/shop/productdetails/1073944633/cool-corona-gift-hamper
1074014251,Coopers PET Beer Bottles & Caps 15 x 740mL,$18.00,$18.00 / 1EA,/shop/productdetails/1074014251/coopers-pet-beer-bottles-caps-15-x-740ml
1074025800,Di Stefano Coffee Beans 109 Speciality Blend 250g 2PK,$39.00,$19.50 / 1EA,/shop/productdetails/1074025800/di-stefano-coffee-beans-109-speciality-blend-250g-2pk
1074025810,Di Stefano Coffee Beans 1735 Blend 250g Fair Trade,$25.00,$10.00 / 100G,/shop/productdetails/1074025810/di-stefano-coffee-beans-1735-blend-250g-fair-trade
1074025822,Di Stefano Decaf Coffee Beans Decaffeinato 250g 2PK,$39.00,$19.50 / 1EA,/shop/productdetails/1074025822/di-stefano-decaf-coffee-beans-decaffeinato-250g-2pk
1074025865,Di Stefano Decaf Coffee Capsules/Pod Decaffeinato 10pc 54g,$20.00,$2.00 / 1EA,/shop/productdetails/1074025865/di-stefano-decaf-coffee-capsules-pod-decaffeinato-10pc-54g
1073779616,Egyptian Red Herbal Loose Leaf Tea Tea Of The Pharaohs 100g,$19.95,$19.95 / 100G,/shop/productdetails/1073779616/egyptian-red-herbal-loose-leaf-tea-tea-of-the-pharaohs-100g
1073811814,Entertaining Craft Beer & Treats Gift Hamper,$109.95,,/shop/productdetails/1073811814/entertaining-craft-beer-treats-gift-hamper
1074128475,Espressotoria System Decaf Coffee Capsules - 12 Packs,$72.00,$6.00 / 1EA,/shop/productdetails/1074128475/espressotoria-system-decaf-coffee-capsules-12-packs
1074128496,Espressotoria System Latte Coffee Capsules - 12 Packs,$72.00,$6.00 / 1EA,/shop/productdetails/1074128496/espressotoria-system-latte-coffee-capsules-12-packs
1074154187,Espressotoria System Organic Coffee Capsules - 12 Packs,$72.00,$6.00 / 1EA,/shop/productdetails/1074154187/espressotoria-system-organic-coffee-capsules-12-packs
1074128630,Espressotoria System Oro Coffee Capsules - 12 Packs,$72.00,$6.00 / 1EA,/shop/productdetails/1074128630/espressotoria-system-oro-coffee-capsules-12-packs
1074314849,"Ferrarelle Naturally Sparkling Mineral Water, 750ml x 12",$62.00,$6.89 / 1L,/shop/productdetails/1074314849/ferrarelle-naturally-sparkling-mineral-water-750ml-x-12
1073944623,Frosty Gift Hamper,$100.00,,/shop/productdetails/1073944623/frosty-gift-hamper
1074303406,Fruity Burst 250ml Barbie ABC pk24,$51.37,$8.56 / 1L,/shop/productdetails/1074303406/fruity-burst-250ml-barbie-abc-pk24
1074303411,Fruity Burst 250ml Matildas ABC pk24,$51.37,$8.56 / 1L,/shop/productdetails/1074303411/fruity-burst-250ml-matildas-abc-pk24
1074303414,Fruity Burst 250ml Paw Patrol Apple pk24,$51.37,$8.56 / 1L,/shop/productdetails/1074303414/fruity-burst-250ml-paw-patrol-apple-pk24
1073811819,G.H. Mumm Champagne & The Cocoa Emporium Selection Gourmet Food Gift Hamper,$199.95,,/shop/productdetails/1073811819/g-h-mumm-champagne-the-cocoa-emporium-selection-gourmet-food-gift-hamper
1073841322,Gift Pack Duo Ginologist Floral & London Dry Gin 0% 700ml,$93.50,,/shop/productdetails/1073841322/gift-pack-duo-ginologist-floral-london-dry-gin-0-700ml
1073983394,Gift Pack Duo Non-Alcoholic Sparkling Wines - Allure & Gorgeous 750ml,$45.95,,/shop/productdetails/1073983394/gift-pack-duo-non-alcoholic-sparkling-wines-allure-gorgeous-750ml
1073983399,Gift Pack Duo Non-Alcoholic Sparkling Wines - Lautus Sparkling and Lautus Sparkling Rosé 750ml,$45.95,,/shop/productdetails/1073983399/gift-pack-duo-non-alcoholic-sparkling-wines-lautus-sparkling-and-lautus-sparkling-ros-750ml
1073922609,Gift Pack Duo Non-Alcoholic Wines - Allure 0% Sparkling & Lautus Sparkling Rosé 750ml,$40.45,,/shop/productdetails/1073922609/gift-pack-duo-non-alcoholic-wines-allure-0-sparkling-lautus-sparkling-ros-750ml
1073841251,Gift Pack Ginologist Pudding Snowglobe 0% Gin 700ml & Ginologist Cookbook,$71.05,,/shop/productdetails/1073841251/gift-pack-ginologist-pudding-snowglobe-0-gin-700ml-ginologist-cookbook
1073959568,Gift Pack Ginologist Snowglobe 0% 700ml & Christmas Baubles 4x50ml,$71.95,,/shop/productdetails/1073959568/gift-pack-ginologist-snowglobe-0-700ml-christmas-baubles-4x50ml
1074205408,Gift Pack Lautus Non-Alcoholic Wine - Sparkling Rosé 24x250ml,$84.00,,/shop/productdetails/1074205408/gift-pack-lautus-non-alcoholic-wine-sparkling-ros-24x250ml
1073841256,"Gift Pack Trio Ginologist Floral, London Dry & Christmas Pudding Snowglobe Gin 0%  700ml",$153.00,,/shop/productdetails/1073841256/gift-pack-trio-ginologist-floral-london-dry-christmas-pudding-snowglobe-gin-0-700ml
1073983395,"Gift Pack Trio Non-Alcoholic Sparkling Wines - Allure, Lautus & Gorgeous 750ml",$65.95,,/shop/productdetails/1073983395/gift-pack-trio-non-alcoholic-sparkling-wines-allure-lautus-gorgeous-750ml
1073865599,Golden Wattle Chocolate Chai Loose Leaf Tea 100g,$19.80,$19.80 / 100G,/shop/productdetails/1073865599/golden-wattle-chocolate-chai-loose-leaf-tea-100g
1073865634,Golden Wattle Sleeping Beauty 50g,$15.00,$30.00 / 100G,/shop/productdetails/1073865634/golden-wattle-sleeping-beauty-50g
1073865597,Golden Wattle Traditional Chai Loose Leaf Tea 100g,$19.80,$19.80 / 100G,/shop/productdetails/1073865597/golden-wattle-traditional-chai-loose-leaf-tea-100g
1073961471,Gourmet Treats White Wine & Gourmet Treats Gift Hamper,$69.95,,/shop/productdetails/1073961471/gourmet-treats-white-wine-gourmet-treats-gift-hamper
1073961615,Hemp Kombucha Mango 350ml,$29.90,$7.12 / 1L,/shop/productdetails/1073961615/hemp-kombucha-mango-350ml
1073961613,Hemp Kombucha Turmeric Ginger & Pear 350ml,$29.90,$7.12 / 1L,/shop/productdetails/1073961613/hemp-kombucha-turmeric-ginger-pear-350ml
1073837679,Hemp Oz Soothing Tea - Relieve (Anti-Inflammatory) 60G,$18.95,$31.58 / 100G,/shop/productdetails/1073837679/hemp-oz-soothing-tea-relieve-anti-inflammatory-60g
1073807027,Hottea Mama Morning Rescue 15pack,$15.75,$1.05 / 1EA,/shop/productdetails/1073807027/hottea-mama-morning-rescue-15pack
1073897765,Hottea Mama New Mama Wellness Tea Set 1pk,$44.75,$44.75 / 1EA,/shop/productdetails/1073897765/hottea-mama-new-mama-wellness-tea-set-1pk
1073807030,Hottea Mama Newborn Wonder 15pack,$15.75,$1.05 / 1EA,/shop/productdetails/1073807030/hottea-mama-newborn-wonder-15pack
1073974298,I Am Grounded Banana Coconut & Coffee Fruit Superfruit Clusters 120g,$12.00,$10.00 / 100G,/shop/productdetails/1073974298/i-am-grounded-banana-coconut-coffee-fruit-superfruit-clusters-120g
1073944626,Ideal Aussie Gift Hamper,$100.00,,/shop/productdetails/1073944626/ideal-aussie-gift-hamper
1073908268,Illy Blend Instant Smooth Coffee 95g 3PK,$49.00,$16.33 / 1EA,/shop/productdetails/1073908268/illy-blend-instant-smooth-coffee-95g-3pk
1073908309,Illy Classico Coffee Beans 3kg,$166.00,$5.53 / 100G,/shop/productdetails/1073908309/illy-classico-coffee-beans-3kg
1073908227,Illy Decaf Espresso Ground Coffee 250g 3PK,$52.00,$17.33 / 1EA,/shop/productdetails/1073908227/illy-decaf-espresso-ground-coffee-250g-3pk
1073908221,Illy Decaf iperEspresso Coffee Capsules 140g 21pc,$33.00,$1.57 / 1EA,/shop/productdetails/1073908221/illy-decaf-iperespresso-coffee-capsules-140g-21pc
1073908324,Illy Intenso Coffee Beans 3kg,$166.00,$5.53 / 100G,/shop/productdetails/1073908324/illy-intenso-coffee-beans-3kg
1073908212,Illy Intenso iperEspresso Coffee Capsules 140g 21pc,$43.00,$2.05 / 1EA,/shop/productdetails/1073908212/illy-intenso-iperespresso-coffee-capsules-140g-21pc
1073972405,Jomeis Fine Foods Add Some Spice Bundle - 360 g,$39.85,$39.85 / 1EA,/shop/productdetails/1073972405/jomeis-fine-foods-add-some-spice-bundle-360-g
1074001247,Jomeis Fine Foods Cacao Latte Duo Pack - 240g,$24.95,$10.40 / 100G,/shop/productdetails/1074001247/jomeis-fine-foods-cacao-latte-duo-pack-240g
1073972391,Jomeis Fine Foods Cacao Lovers Bundle - 360 g,$39.95,$39.95 / 1EA,/shop/productdetails/1073972391/jomeis-fine-foods-cacao-lovers-bundle-360-g
1073972407,Jomeis Fine Foods Deep Cleanse Bundle - 360 g,$39.95,$39.95 / 1EA,/shop/productdetails/1073972407/jomeis-fine-foods-deep-cleanse-bundle-360-g
1074001254,Jomeis Fine Foods Jaffa Latte Duo Pack - 240g,$24.95,$10.40 / 100G,/shop/productdetails/1074001254/jomeis-fine-foods-jaffa-latte-duo-pack-240g
1074001249,Jomeis Fine Foods Minty Cacao Latte Duo Pack - 240g,$24.95,$10.40 / 100G,/shop/productdetails/1074001249/jomeis-fine-foods-minty-cacao-latte-duo-pack-240g
1074001252,Jomeis Fine Foods Spicy Ginger Latte Duo Pack - 240g,$24.90,$24.90 / 100G,/shop/productdetails/1074001252/jomeis-fine-foods-spicy-ginger-latte-duo-pack-240g
1073972394,Jomeis Fine Foods The Beetroot Bundle - 610 g,$49.95,$49.95 / 1EA,/shop/productdetails/1073972394/jomeis-fine-foods-the-beetroot-bundle-610-g
1073972404,Jomeis Fine Foods The Matcha Bundle - 350 g,$34.95,$34.95 / 1EA,/shop/productdetails/1073972404/jomeis-fine-foods-the-matcha-bundle-350-g
1074001255,Jomeis Fine Foods Vanilla Latte Duo Pack - 240g,$34.95,$14.56 / 100G,/shop/productdetails/1074001255/jomeis-fine-foods-vanilla-latte-duo-pack-240g
1073959853,Koda Cola Vanilla Gel Box 24pack,$48.00,$2.00 / 1EA,/shop/productdetails/1073959853/koda-cola-vanilla-gel-box-24pack
1073959854,Koda Green Plum Gel Box 24pack,$48.00,$2.00 / 1EA,/shop/productdetails/1073959854/koda-green-plum-gel-box-24pack
1073963416,Koda Lemon Lime Gel Box 24pack,$48.00,$2.00 / 1EA,/shop/productdetails/1073963416/koda-lemon-lime-gel-box-24pack
1074044405,Lavazza A Modo Mio Rossa Capsules 216 Pods,$150.00,$69.44 / 100EA,/shop/productdetails/1074044405/lavazza-a-modo-mio-rossa-capsules-216-pods
1073982301,Lavazza Espresso Lungo Nespresso Compatible Capsules 100 Pods,$62.00,$62.00 / 100EA,/shop/productdetails/1073982301/lavazza-espresso-lungo-nespresso-compatible-capsules-100-pods
1073982302,Lavazza Qualita Rossa Nespresso Compatible Capsules 100 Pods,$62.00,$62.00 / 100EA,/shop/productdetails/1073982302/lavazza-qualita-rossa-nespresso-compatible-capsules-100-pods
309483,Lavazza Tales Of Italy Alluring Napoli Coffee Beans 500g,$15.00,$3.00 / 100G,/shop/productdetails/309483/lavazza-tales-of-italy-alluring-napoli-coffee-beans
1074294403,Lipton Ice Tea 500ml Mango Pk12,$35.68,$5.95 / 1L,/shop/productdetails/1074294403/lipton-ice-tea-500ml-mango-pk12
1073811176,Lyre's Alcohol Free Non-Alcoholic Amaretti Sour Gift Set,$59.95,,/shop/productdetails/1073811176/lyre-s-alcohol-free-non-alcoholic-amaretti-sour-gift-set
1073811170,Lyre's Alcohol Free Non-Alcoholic Mai Tai Gift Set,$134.95,,/shop/productdetails/1073811170/lyre-s-alcohol-free-non-alcoholic-mai-tai-gift-set
1073933360,Lyre's Amaretti Non-Alcoholic Spirit - Amaretto Style | Award Winning| Lyre's 700ml,$44.99,$6.43 / 100ML,/shop/productdetails/1073933360/lyre-s-amaretti-non-alcoholic-spirit-amaretto-style-award-winning-lyre-s-700ml
1073917129,"Lyre's Cosmopolitan Non-Alcoholic Set (Pack of 2) | Orange Sec (Triple Sec Style), White Cane Spirit Spirit (White Rum Style) | Award Winning | 700mL x 2",$80.98,,/shop/productdetails/1073917129/lyre-s-cosmopolitan-non-alcoholic-set-pack-of-2-orange-sec-triple-sec-style-white-cane-spirit-spirit-white-rum-style-award-winning-700ml-x-2
1073918008,Lyre's Dry Martini Non-Alcoholic Set (Pack of 2) | Dry London (Gin Style) & Aperitif Dry (Dry Vermouth Style) | Award Winning | 700ml X 2,$80.98,,/shop/productdetails/1073918008/lyre-s-dry-martini-non-alcoholic-set-pack-of-2-dry-london-gin-style-aperitif-dry-dry-vermouth-style-award-winning-700ml-x-2
1073933362,Lyre's Pink London Non-Alcoholic Spirit - Pink Gin Style | Award Winning | 700ml,$44.99,$6.43 / 100ML,/shop/productdetails/1073933362/lyre-s-pink-london-non-alcoholic-spirit-pink-gin-style-award-winning-700ml
1073934973,Makers Mark Bourbon Gift Set,$125.00,,/shop/productdetails/1073934973/makers-mark-bourbon-gift-set
1073945906,Ministry Of Tea Herbal Tea Bags Earl Grey 25S x 2pack,$15.90,$31.80 / 100EA,/shop/productdetails/1073945906/ministry-of-tea-herbal-tea-bags-earl-grey-25s-x-2pack
1074024571,MirMir Organics Certified Organic English Breakfast Tea Pyramid Tea Bags 40 gm x 2 packs,$21.50,$53.75 / 100G,/shop/productdetails/1074024571/mirmir-organics-certified-organic-english-breakfast-tea-pyramid-tea-bags-40-gm-x-2-packs
1074024569,MirMir Organics Certified Organic Green Tea & Tulsi Pyramid Tea Bags 40gm x 2 packs,$23.50,$58.75 / 100G,/shop/productdetails/1074024569/mirmir-organics-certified-organic-green-tea-tulsi-pyramid-tea-bags-40gm-x-2-packs
1074002166,MirMir Organics Certified Organic Green Tea Pyramid Tea Bags 40gm x 2 packs,$23.50,$58.75 / 100G,/shop/productdetails/1074002166/mirmir-organics-certified-organic-green-tea-pyramid-tea-bags-40gm-x-2-packs
1074002185,MirMir Organics Certified Organic Lemongrass Ginger Tea Pyramid Tea Bags 40gm x 2 packs,$23.50,$58.75 / 100G,/shop/productdetails/1074002185/mirmir-organics-certified-organic-lemongrass-ginger-tea-pyramid-tea-bags-40gm-x-2-packs
1074002168,MirMir Organics Certified Organic Tulsi Chamomile Tea Pyramid Tea Bags 40gm x 2 packs,$23.50,$58.75 / 100G,/shop/productdetails/1074002168/mirmir-organics-certified-organic-tulsi-chamomile-tea-pyramid-tea-bags-40gm-x-2-packs
1073934979,Moet Chandon Gift Box,$125.00,,/shop/productdetails/1073934979/moet-chandon-gift-box
1074294412,Mountain Fresh 400ml Tropical Juice pk12,$39.24,$8.18 / 1L,/shop/productdetails/1074294412/mountain-fresh-400ml-tropical-juice-pk12
1074290974,Mrs Toddy's Immunity Sparkling 300ml x12,$69.95,,/shop/productdetails/1074290974/mrs-toddy-s-immunity-sparkling-300ml-x12
1073992813,Musashi Energy Drink Green Apple Box 12 x 500ml,$64.80,$129.60 / 1L,/shop/productdetails/1073992813/musashi-energy-drink-green-apple-box-12-x-500ml
1074020960,Naked Life Non-Alcoholic Australian Cane Spirit and Cola 24 x 250ml Cans,$81.00,$81.00 / 1L,/shop/productdetails/1074020960/naked-life-non-alcoholic-australian-cane-spirit-and-cola-24-x-250ml-cans
1074020963,"Naked Life Non-Alcoholic Canadian Rye Spirit, Dry & Lime 24 x 250ml Cans",$81.00,$81.00 / 1L,/shop/productdetails/1074020963/naked-life-non-alcoholic-canadian-rye-spirit-dry-lime-24-x-250ml-cans
1074020970,Naked Life Non-Alcoholic Caribbean Blanco 700ml,$39.95,$57.07 / 1L,/shop/productdetails/1074020970/naked-life-non-alcoholic-caribbean-blanco-700ml
1074020974,Naked Life Non-Alcoholic Cosmo 24 x 250ml Cans,$81.00,$81.00 / 1L,/shop/productdetails/1074020974/naked-life-non-alcoholic-cosmo-24-x-250ml-cans
1074020971,Naked Life Non-Alcoholic Espresso Martini 24 x 250ml Cans,$81.00,$81.00 / 1L,/shop/productdetails/1074020971/naked-life-non-alcoholic-espresso-martini-24-x-250ml-cans
1074020967,Naked Life Non-Alcoholic Italian Aperitivo 700ml,$39.95,$57.07 / 1L,/shop/productdetails/1074020967/naked-life-non-alcoholic-italian-aperitivo-700ml
1074020968,Naked Life Non-Alcoholic London Dry 700ml,$39.95,$57.07 / 1L,/shop/productdetails/1074020968/naked-life-non-alcoholic-london-dry-700ml
1074020954,Naked Life Non-Alcoholic Margarita 24 x 250ml Cans,$81.00,$81.00 / 1L,/shop/productdetails/1074020954/naked-life-non-alcoholic-margarita-24-x-250ml-cans
1074020973,Naked Life Non-Alcoholic Rosé Sangria Spritz 24 x 250ml Cans,$81.00,$81.00 / 1L,/shop/productdetails/1074020973/naked-life-non-alcoholic-ros-sangria-spritz-24-x-250ml-cans
1074020965,Naked Life Non-Alcoholic Scottish Malt 700ml,$39.95,$57.07 / 1L,/shop/productdetails/1074020965/naked-life-non-alcoholic-scottish-malt-700ml
1074020959,Naked Life Non-Alcoholic Scottish Sour 24 x 250ml Cans,$81.00,$81.00 / 1L,/shop/productdetails/1074020959/naked-life-non-alcoholic-scottish-sour-24-x-250ml-cans
1074020962,"Naked Life Non-Alcoholic Spiced Caribbean, Dry & Lime 24 x 250ml Cans",$81.00,$81.00 / 1L,/shop/productdetails/1074020962/naked-life-non-alcoholic-spiced-caribbean-dry-lime-24-x-250ml-cans
1073927488,New York Cocktail Infusion Mixer - Pina Colada,$21.00,$21.00 / 1EA,/shop/productdetails/1073927488/new-york-cocktail-infusion-mixer-pina-colada
1073927456,New York Cocktail Infusion Mixer Blue Dream Bottle w/ Small Sieve 120g,$21.00,$17.50 / 100G,/shop/productdetails/1073927456/new-york-cocktail-infusion-mixer-blue-dream-bottle-w-small-sieve-120g
1073927484,New York Cocktail Infusion Mixer On The Beach Bottle w/ Small Sieve 115g,$21.00,$18.26 / 100G,/shop/productdetails/1073927484/new-york-cocktail-infusion-mixer-on-the-beach-bottle-w-small-sieve-115g
1074294360,Nippy's 375ml Iced Chocolate Flavoured Milk Pk24,$65.47,$7.27 / 1L,/shop/productdetails/1074294360/nippy-s-375ml-iced-chocolate-flavoured-milk-pk24
1074294408,Nippy's 375ml Iced Coffee Flavoured Milk Pk24,$65.47,$7.27 / 1L,/shop/productdetails/1074294408/nippy-s-375ml-iced-coffee-flavoured-milk-pk24
1074294285,Nippy's 500ml Bottles Iced Strawberry Flavoured Milk Pk12,$46.66,$7.78 / 1L,/shop/productdetails/1074294285/nippy-s-500ml-bottles-iced-strawberry-flavoured-milk-pk12
1073962818,Nongfu Mountain Spring Oriental Leaf Green Mandarin Pu'er 500ml x 3Pack,$15.99,$1.07 / 100ML,/shop/productdetails/1073962818/nongfu-mountain-spring-oriental-leaf-green-mandarin-pu-er-500ml-x-3pack
1073962816,Nongfu Mountain Spring Oriental Leaf Sugar Free Oolong Tea 500mlx3Pack,$14.49,$0.97 / 100ML,/shop/productdetails/1073962816/nongfu-mountain-spring-oriental-leaf-sugar-free-oolong-tea-500mlx3pack
1073962815,Nongfu Mountain Spring Oriental Leaf Unsweetened Black Tea 500ml x 3Pack,$13.59,$0.91 / 100ML,/shop/productdetails/1073962815/nongfu-mountain-spring-oriental-leaf-unsweetened-black-tea-500ml-x-3pack
1074046007,Nongfu Mountain Spring Oriental Leaf Unsweetened Jasmine Tea 500ml x 3Pack,$14.79,$4.93 / 1EA,/shop/productdetails/1074046007/nongfu-mountain-spring-oriental-leaf-unsweetened-jasmine-tea-500ml-x-3pack
1074028345,Nongfu Spring Tea p Grapefruit Jasmine Tea 500ml&nbsp;X 12Pack,$35.99,$6.00 / 1L,/shop/productdetails/1074028345/nongfu-spring-tea-p-grapefruit-jasmine-tea-500ml-nbsp-x-12pack
1073996221,Nutra Organics Lunar Latte 100g,$22.95,$22.95 / 100G,/shop/productdetails/1073996221/nutra-organics-lunar-latte-100g
1074294291,Nutrient Water 575ml Dragonfruit (Endurance) Pk12,$43.53,$6.31 / 1L,/shop/productdetails/1074294291/nutrient-water-575ml-dragonfruit-endurance-pk12
1073918676,Organitea My Anxiety Tea DAY 45g,$11.95,$26.56 / 100G,/shop/productdetails/1073918676/organitea-my-anxiety-tea-day-45g
1073935598,Pickle & Spice Premium Certified Organic Coffee Beans 1kg,$40.50,$4.05 / 100G,/shop/productdetails/1073935598/pickle-spice-premium-certified-organic-coffee-beans-1kg
1073935596,Pickle & Spice Premium Certified Organic Coffee Beans 250g x 3 packs,$30.50,$4.07 / 100G,/shop/productdetails/1073935596/pickle-spice-premium-certified-organic-coffee-beans-250g-x-3-packs
1073935597,Pickle & Spice Premium Certified Organic Medium Ground Coffee 250g x 3 packs,$30.50,$4.07 / 100G,/shop/productdetails/1073935597/pickle-spice-premium-certified-organic-medium-ground-coffee-250g-x-3-packs
1073935671,Picnic For Two Gift Hamper,$175.00,,/shop/productdetails/1073935671/picnic-for-two-gift-hamper
1073952999,Planet Organic Breastfeeding Support 25tea bags,$10.00,$0.40 / 1EA,/shop/productdetails/1073952999/planet-organic-breastfeeding-support-25tea-bags
1073945886,Planet Organic English Breakfast 25 Tea Bags x 3pack,$12.30,$16.40 / 100EA,/shop/productdetails/1073945886/planet-organic-english-breakfast-25-tea-bags-x-3pack
1073908296,Primo Caffe Caramel Coffee Capsules 50pc,$47.00,$0.94 / 1EA,/shop/productdetails/1073908296/primo-caffe-caramel-coffee-capsules-50pc
1073908322,Primo Caffe Certified Organic Coffee Beans 1KG,$36.00,$3.60 / 100G,/shop/productdetails/1073908322/primo-caffe-certified-organic-coffee-beans-1kg
1073908299,Primo Caffe Coffee Espresso Hermetic Capsules 2PK - 50pc,$44.00,$0.44 / 1EA,/shop/productdetails/1073908299/primo-caffe-coffee-espresso-hermetic-capsules-2pk-50pc
1073908194,Primo Caffe Coffee Ristretto Hermetic Capsules 2PK - 50pc,$44.00,$0.44 / 1EA,/shop/productdetails/1073908194/primo-caffe-coffee-ristretto-hermetic-capsules-2pk-50pc
1073908272,Primo Caffe Decaf Coffee Capsules 6x 10PK,$30.00,$0.50 / 1EA,/shop/productdetails/1073908272/primo-caffe-decaf-coffee-capsules-6x-10pk
1073908205,Primo Caffe Decafe Coffee Beans w/Process 1KG,$39.95,$4.00 / 100G,/shop/productdetails/1073908205/primo-caffe-decafe-coffee-beans-w-process-1kg
1073908321,Primo Caffe Espresso Classico Coffee Beans 1KG 2PK,$49.95,$24.98 / 1EA,/shop/productdetails/1073908321/primo-caffe-espresso-classico-coffee-beans-1kg-2pk
1073927523,Primo Caffe Espresso Numero Uno Coffee Beans 1KG,$32.00,$3.20 / 100G,/shop/productdetails/1073927523/primo-caffe-espresso-numero-uno-coffee-beans-1kg
1073908211,Primo Caffe Fair Trade Organic Coffee Beans 1KG,$43.00,$4.30 / 100G,/shop/productdetails/1073908211/primo-caffe-fair-trade-organic-coffee-beans-1kg
1073908277,Primo Caffe Forte Coffee Beans 1KG,$40.00,$4.00 / 100G,/shop/productdetails/1073908277/primo-caffe-forte-coffee-beans-1kg
1073908279,Primo Caffe Forte Coffee Capsules 6x 10PK,$30.00,$0.50 / 1EA,/shop/productdetails/1073908279/primo-caffe-forte-coffee-capsules-6x-10pk
1073908317,Primo Caffe Forte Ground Coffee 250g 2PK,$29.00,$14.50 / 1EA,/shop/productdetails/1073908317/primo-caffe-forte-ground-coffee-250g-2pk
1073927520,Primo Caffe Gluten Free Chocolate Capsules 25PK,$20.00,$0.80 / 1EA,/shop/productdetails/1073927520/primo-caffe-gluten-free-chocolate-capsules-25pk
1073908316,Primo Caffe Maestro Coffee Beans 1KG,$41.00,$4.10 / 100G,/shop/productdetails/1073908316/primo-caffe-maestro-coffee-beans-1kg
1073908319,Primo Caffe Maestro Ground Coffee 250g 2PK,$29.00,$14.50 / 1EA,/shop/productdetails/1073908319/primo-caffe-maestro-ground-coffee-250g-2pk
1073908290,Primo Caffe Organic Coffee Capsules 6x 10PK,$37.00,$0.62 / 1EA,/shop/productdetails/1073908290/primo-caffe-organic-coffee-capsules-6x-10pk
1073927443,Primo Caffe Original Cioccolatte Powder 2PK 1KG,$28.00,$2.80 / 100G,/shop/productdetails/1073927443/primo-caffe-original-cioccolatte-powder-2pk-1kg
1074051231,Primo Caffe Roma Italiano Intense Coffee Capsules 640g 120pc,$39.00,$32.50 / 100EA,/shop/productdetails/1074051231/primo-caffe-roma-italiano-intense-coffee-capsules-640g-120pc
1073927513,Primo Chai Spice Powder 1KG,$35.00,$3.50 / 100G,/shop/productdetails/1073927513/primo-chai-spice-powder-1kg
1073959572,Pukka Herbs After Dinner Tea Bags 2x20packs,$17.90,$0.45 / 1EA,/shop/productdetails/1073959572/pukka-herbs-after-dinner-tea-bags-2x20packs
1073935464,Purely Gourmet Penfolds Australian Sweets Gift Hamper,$160.00,,/shop/productdetails/1073935464/purely-gourmet-penfolds-australian-sweets-gift-hamper
1073935471,Purely Gourmet Whisky & Antipasto Gift Hamper (Glenmorangie),$250.00,,/shop/productdetails/1073935471/purely-gourmet-whisky-antipasto-gift-hamper-glenmorangie-
1073944657,Red Wine Gift Box,$58.00,,/shop/productdetails/1073944657/red-wine-gift-box
1074114298,Ryukakusan Direct Stick for Sore Throat 16 Sticks X 4Pack,$49.99,$12.50 / 1EA,/shop/productdetails/1074114298/ryukakusan-direct-stick-for-sore-throat-16-sticks-x-4pack
1074294372,San Pellegrino 200ml Sparkling Water Limonata Glass pk24,$63.38,$13.20 / 1L,/shop/productdetails/1074294372/san-pellegrino-200ml-sparkling-water-limonata-glass-pk24
1073911134,Seriously Rich Thick European Hot Chocolate 250g x 6 Packs,$40.00,$1.33 / 100G,/shop/productdetails/1073911134/seriously-rich-thick-european-hot-chocolate-250g-x-6-packs
1074254330,Soda Press Organic Blackcurrant Bliss Soda Mix Syrup 500ml,$19.00,$19.00 / 1EA,/shop/productdetails/1074254330/soda-press-organic-blackcurrant-bliss-soda-mix-syrup-500ml
1073840867,Soda Press Soda Mix Cola Organic 500ml,$10.95,$2.19 / 100ML,/shop/productdetails/1073840867/soda-press-soda-mix-cola-organic-500ml
1073944662,Sparkling Wine Gift Box,$58.00,,/shop/productdetails/1073944662/sparkling-wine-gift-box
1073811803,St Hugo Shiraz Red Wine & Greatest Gourmet Food Gift Hamper,$179.95,,/shop/productdetails/1073811803/st-hugo-shiraz-red-wine-greatest-gourmet-food-gift-hamper
1074052562,Stitch Coffee Black Field Shinkai Steeped Coffee Bags 10pk - Premium Specialty Coffee,$16.00,$1.60 / 1EA,/shop/productdetails/1074052562/stitch-coffee-black-field-shinkai-steeped-coffee-bags-10pk-premium-specialty-coffee
1074052557,Stitch Coffee Dark Field Blend 1K - Premium Specialty Coffee,$60.00,$6.00 / 100G,/shop/productdetails/1074052557/stitch-coffee-dark-field-blend-1k-premium-specialty-coffee
1074052556,Stitch Coffee Dark Field Blend 250g - Premium Specialty Coffee,$20.00,$8.00 / 100G,/shop/productdetails/1074052556/stitch-coffee-dark-field-blend-250g-premium-specialty-coffee
1074052578,"Stitch Coffee Decaf - Colombia, Popayan 250g - Premium Specialty Coffee",$20.00,$8.00 / 100G,/shop/productdetails/1074052578/stitch-coffee-decaf-colombia-popayan-250g-premium-specialty-coffee
1074052561,Stitch Coffee Ethiopia Shinkai Steeped Coffee Bags 10pk - Premium Specialty Coffee,$16.00,$1.60 / 1EA,/shop/productdetails/1074052561/stitch-coffee-ethiopia-shinkai-steeped-coffee-bags-10pk-premium-specialty-coffee
1074052563,Stitch Coffee Ethiopian Mixed Drip Bags 10pk - Premium Specialty Coffee,$23.00,$2.30 / 1EA,/shop/productdetails/1074052563/stitch-coffee-ethiopian-mixed-drip-bags-10pk-premium-specialty-coffee
1074052553,Stitch Coffee Higgs Field Blend 250g - Premium Specialty Coffee,$20.00,$8.00 / 100G,/shop/productdetails/1074052553/stitch-coffee-higgs-field-blend-250g-premium-specialty-coffee
1074052555,Stitch Coffee Hobnob Blend 1k - Premium Specialty Coffee,$60.00,$6.00 / 100G,/shop/productdetails/1074052555/stitch-coffee-hobnob-blend-1k-premium-specialty-coffee
1074052551,Stitch Coffee Hobnob Blend 250g - Premium Specialty Coffee,$20.00,$8.00 / 100G,/shop/productdetails/1074052551/stitch-coffee-hobnob-blend-250g-premium-specialty-coffee
1074317051,Stitch Coffee Iced Oat Milk Latte Can 4 pack,$22.00,$22.92 / 1L,/shop/productdetails/1074317051/stitch-coffee-iced-oat-milk-latte-can-4-pack
1074052569,Stitch Coffee Signature Blend Pods 10pk - Premium Specialty Coffee - HOME Compostable,$11.00,$11.00 / 1EA,/shop/productdetails/1074052569/stitch-coffee-signature-blend-pods-10pk-premium-specialty-coffee-home-compostable
1073811799,Stoneleigh Wild Valley Pinot Noir & Gourmet Selection Gift Hamper,$99.95,,/shop/productdetails/1073811799/stoneleigh-wild-valley-pinot-noir-gourmet-selection-gift-hamper
1073863281,StrangeLove Mixed White Spirits 300ml Bottles - 4x4 Pack,$42.50,$8.85 / 1L,/shop/productdetails/1073863281/strangelove-mixed-white-spirits-300ml-bottles-4x4-pack
1073811816,Taste Australia Gourmet Food Gift Hamper Australian Made,$189.95,,/shop/productdetails/1073811816/taste-australia-gourmet-food-gift-hamper-australian-made
1074023505,Tastebuds Dreaming Of Chocolate Bars and Balls Hamper,$100.00,,/shop/productdetails/1074023505/tastebuds-dreaming-of-chocolate-bars-and-balls-hamper
1074023445,Tastebuds Ferrero Rocher Chocolate Balls Bouquet,$85.00,,/shop/productdetails/1074023445/tastebuds-ferrero-rocher-chocolate-balls-bouquet
1074023444,Tastebuds Ferrero Rocher Indulgence Chocolate Gift Bouquet,$89.00,,/shop/productdetails/1074023444/tastebuds-ferrero-rocher-indulgence-chocolate-gift-bouquet
1074023447,Tastebuds Lindt Surprise Milk Chocolate Bouquet,$65.00,,/shop/productdetails/1074023447/tastebuds-lindt-surprise-milk-chocolate-bouquet
1074023448,Tastebuds Maltese and Mars Chocolate Bar Bouquet,$59.00,,/shop/productdetails/1074023448/tastebuds-maltese-and-mars-chocolate-bar-bouquet
1074023503,Tastebuds Snacking Chocolates With The Keto Hamper,$119.00,,/shop/productdetails/1074023503/tastebuds-snacking-chocolates-with-the-keto-hamper
1074023455,Tastebuds Sweet Beauty Lindt and Belgian Milk Chocolate Bouquet,$49.00,,/shop/productdetails/1074023455/tastebuds-sweet-beauty-lindt-and-belgian-milk-chocolate-bouquet
1073972244,Tea Gardens Kombucha Coconut Lime 350ml,$29.90,$7.12 / 1L,/shop/productdetails/1073972244/tea-gardens-kombucha-coconut-lime-350ml
1073972247,Tea Gardens Kombucha Ginger 350ml,$29.90,$7.12 / 1L,/shop/productdetails/1073972247/tea-gardens-kombucha-ginger-350ml
1073961620,Tea Gardens Kombucha Ginger 800ml,$69.60,$3.63 / 1L,/shop/productdetails/1073961620/tea-gardens-kombucha-ginger-800ml
1073972245,Tea Gardens Kombucha Mango 350ml,$29.90,$7.12 / 1L,/shop/productdetails/1073972245/tea-gardens-kombucha-mango-350ml
1073961609,Tea Gardens Kombucha Pomegranate & Apple 350ml,$29.90,$7.12 / 1L,/shop/productdetails/1073961609/tea-gardens-kombucha-pomegranate-apple-350ml
1073961578,Tea Gardens Kombucha Pomegranate & Apple 800ml,$69.60,$3.63 / 1L,/shop/productdetails/1073961578/tea-gardens-kombucha-pomegranate-apple-800ml
1073972246,Tea Gardens Kombucha Turmeric Ginger Pear 350ml,$29.90,$7.12 / 1L,/shop/productdetails/1073972246/tea-gardens-kombucha-turmeric-ginger-pear-350ml
1073961623,Tea Gardens Kombucha Wild Berry 350ml,$29.90,$7.12 / 1L,/shop/productdetails/1073961623/tea-gardens-kombucha-wild-berry-350ml
1073961574,Tea Gardens Probiotic Iced Tea Lemon Lime 800ml,$69.60,$3.63 / 1L,/shop/productdetails/1073961574/tea-gardens-probiotic-iced-tea-lemon-lime-800ml
1073961573,Tea Gardens Probiotic Iced Tea Mixed Flavours 800ml,$69.60,$3.63 / 1L,/shop/productdetails/1073961573/tea-gardens-probiotic-iced-tea-mixed-flavours-800ml
1074192930,Tea Infuser - Tube,$10.50,$10.50 / 1EA,/shop/productdetails/1074192930/tea-infuser-tube
1073963069,The Hamper Emporium - Indulgent Home Essentials with Moet Hamper,$229.00,,/shop/productdetails/1073963069/the-hamper-emporium-indulgent-home-essentials-with-moet-hamper
1073963033,The Hamper Emporium - Veuve Celebration Hamper,$189.00,,/shop/productdetails/1073963033/the-hamper-emporium-veuve-celebration-hamper
1073963007,The Hamper Emporium Chandon Celebration Hamper,$99.00,,/shop/productdetails/1073963007/the-hamper-emporium-chandon-celebration-hamper
1073961290,The Hamper Emporium Foodies with Moet Hamper,$219.00,,/shop/productdetails/1073961290/the-hamper-emporium-foodies-with-moet-hamper
1073963005,The Hamper Emporium James Squire Ale Hamper,$99.00,,/shop/productdetails/1073963005/the-hamper-emporium-james-squire-ale-hamper
1073961246,The Hamper Emporium Moet & Gourmet Nibbles Hamper,$149.00,,/shop/productdetails/1073961246/the-hamper-emporium-moet-gourmet-nibbles-hamper
1073961292,The Hamper Emporium The Ultimate Foodies with Moet Hamper,$249.00,,/shop/productdetails/1073961292/the-hamper-emporium-the-ultimate-foodies-with-moet-hamper
1073780341,The Healthy Chef Energy Tea 80g,$32.95,$41.19 / 100G,/shop/productdetails/1073780341/the-healthy-chef-energy-tea-80g
1073979635,The Organic Tea Project Chai Dust 3 Pack,$15.00,$5.00 / 1EA,/shop/productdetails/1073979635/the-organic-tea-project-chai-dust-3-pack
1073995893,Tiny Tea Lias Lovely Lemonade Tea 42g,$13.25,$31.55 / 100G,/shop/productdetails/1073995893/tiny-tea-lias-lovely-lemonade-tea-42g
1074294394,USA Cans 355ml A&W Cream Soda Pk12,$37.53,$8.81 / 1L,/shop/productdetails/1074294394/usa-cans-355ml-a-w-cream-soda-pk12
1074294373,USA Cans 355ml Dr Pepper Cream Soda pk12,$34.12,$8.01 / 1L,/shop/productdetails/1074294373/usa-cans-355ml-dr-pepper-cream-soda-pk12
310664,Vittoria Coffee Oro Capsules 20 Pack,$13.00,$0.65 / 1EA,/shop/productdetails/310664/vittoria-coffee-oro-capsules
1074051800,"Waves & Caves Lemon, Lime & Bitters 330ml x 12",$45.00,$11.36 / 1L,/shop/productdetails/1074051800/waves-caves-lemon-lime-bitters-330ml-x-12
1073944642,Wine Cooler Gift Hamper,$75.00,,/shop/productdetails/1073944642/wine-cooler-gift-hamper
1073962777,Xinyuanzhai sour plum soup 300ml * 12 bottles,$28.99,$8.05 / 1L,/shop/productdetails/1073962777/xinyuanzhai-sour-plum-soup-300ml-12-bottles
1074114312,AGF Blendy Concentrated Coffee Sweetness 8pieces 144g X 5Pack,$33.99,$6.80 / 1EA,/shop/productdetails/1074114312/agf-blendy-concentrated-coffee-sweetness-8pieces-144g-x-5pack
1073935674,Absolut Delight Gift Hamper,$150.00,,/shop/productdetails/1073935674/absolut-delight-gift-hamper
1073968117,Artisan Drinks Australia - Barrel Smoked Cola 200ml × 24 Packs,$50.00,$10.42 / 1L,/shop/productdetails/1073968117/artisan-drinks-australia-barrel-smoked-cola-200ml-24-packs
280437,Asahi Super Dry 0% Bottles 330ml X 6 Pack,$14.50,,/shop/productdetails/280437/asahi-super-dry-0-bottles
1073935673,Australia's Finest Gift Hamper,$175.00,,/shop/productdetails/1073935673/australia-s-finest-gift-hamper
1073960881,B&D Flower Tea cup tea Lychee black tea 2.8g*10 cups,$24.99,$89.25 / 100G,/shop/productdetails/1073960881/b-d-flower-tea-cup-tea-lychee-black-tea-2-8g-10-cups
1074297851,BSc Body Science RTD Premium Protein Shake Banana 450ml Box,$32.40,$1.20 / 100ML,/shop/productdetails/1074297851/bsc-body-science-rtd-premium-protein-shake-banana-450ml-box
1073944622,Back Pack Shopper Gift Hamper,$100.00,,/shop/productdetails/1073944622/back-pack-shopper-gift-hamper
1074324966,Beforeyouspeak Coffee Adrenal Decaf Blend Unsweetened  30serve,$59.46,$1.98 / 1EA,/shop/productdetails/1074324966/beforeyouspeak-coffee-adrenal-decaf-blend-unsweetened-30serve
1074324967,Beforeyouspeak Coffee Collagen Blend Unsweetened 30serve,$69.95,$2.33 / 1EA,/shop/productdetails/1074324967/beforeyouspeak-coffee-collagen-blend-unsweetened-30serve
1074192954,Beloka Lightly Sparkling Water 20 x 500ml,$75.50,$3.78 / 1EA,/shop/productdetails/1074192954/beloka-lightly-sparkling-water-20-x-500ml
1074155773,Beloka Lightly Sparkling Water 24 x 200ml,$77.16,$3.22 / 1EA,/shop/productdetails/1074155773/beloka-lightly-sparkling-water-24-x-200ml
1073944641,Black & Gold Carry Box Gift Hamper,$75.00,,/shop/productdetails/1073944641/black-gold-carry-box-gift-hamper
1074001223,Bodhi Organic Tea - Longevitea Antioxidant 70 gm Loose Leaf x 2 packs,$26.20,$37.43 / 100G,/shop/productdetails/1074001223/bodhi-organic-tea-longevitea-antioxidant-70-gm-loose-leaf-x-2-packs
1074001207,Bodhi Organic Tea - Posivitea Mood 70 gm Loose Leaf x 2 packs,$26.20,$37.43 / 100G,/shop/productdetails/1074001207/bodhi-organic-tea-posivitea-mood-70-gm-loose-leaf-x-2-packs
1074001220,Bodhi Organic Tea - Puritea Detoxing 40 gm Loose Leaf x 2 packs,$26.20,$65.50 / 100G,/shop/productdetails/1074001220/bodhi-organic-tea-puritea-detoxing-40-gm-loose-leaf-x-2-packs
1074001215,Bodhi Organic Tea - Serenitea Calming 40 gm Loose Leaf x 2 packs,$26.20,$65.50 / 100G,/shop/productdetails/1074001215/bodhi-organic-tea-serenitea-calming-40-gm-loose-leaf-x-2-packs
1074001189,Bodhi Organic Tea - Viriditea Protective 60 gm Loose Leaf x 2 packs,$26.20,$43.67 / 100G,/shop/productdetails/1074001189/bodhi-organic-tea-viriditea-protective-60-gm-loose-leaf-x-2-packs
1074001225,Bodhi Organic Tea - Vitalitea Revitalising 40 gm Loose Leaf x 2 packs,$26.20,,/shop/productdetails/1074001225/bodhi-organic-tea-vitalitea-revitalising-40-gm-loose-leaf-x-2-packs
1073935667,Bourbon & Red Gift Hamper,$195.00,,/shop/productdetails/1073935667/bourbon-red-gift-hamper
1074014219,Brigalow Home Brew Super Bench Capper,$64.00,$64.00 / 1EA,/shop/productdetails/1074014219/brigalow-home-brew-super-bench-capper
826937,Bundaberg Pineapple & Coconut 340ml X4 Pack,N/A,N/A,/shop/productdetails/826937/bundaberg-pineapple-coconut
1074005502,Byron Bay Gifts Australian Wine & Chocolate Gifts,$105.00,,/shop/productdetails/1074005502/byron-bay-gifts-australian-wine-chocolate-gifts
1074005560,Byron Bay Gifts Brookie's Gin Hamper,$125.00,,/shop/productdetails/1074005560/byron-bay-gifts-brookie-s-gin-hamper
1074005564,Byron Bay Gifts Brookie's Xmas Gift Box,$135.00,,/shop/productdetails/1074005564/byron-bay-gifts-brookie-s-xmas-gift-box
1074005505,Byron Bay Gifts Bubbles & Bites Hamper,$89.00,,/shop/productdetails/1074005505/byron-bay-gifts-bubbles-bites-hamper
1074005553,Byron Bay Gifts Champagne Celebration Gift Hamper,$175.00,,/shop/productdetails/1074005553/byron-bay-gifts-champagne-celebration-gift-hamper
1074005529,Byron Bay Gifts Champagne Gift Hampers - Large Moét,$175.00,,/shop/productdetails/1074005529/byron-bay-gifts-champagne-gift-hampers-large-mo-t
1074005603,Byron Bay Gifts Chandon Christmas Spritz,$119.00,,/shop/productdetails/1074005603/byron-bay-gifts-chandon-christmas-spritz
1074005518,Byron Bay Gifts Chardonnay & Treats Gift Hamper,$99.00,,/shop/productdetails/1074005518/byron-bay-gifts-chardonnay-treats-gift-hamper
1074005522,Byron Bay Gifts Christmas Gift Ideas,$105.00,,/shop/productdetails/1074005522/byron-bay-gifts-christmas-gift-ideas
1074005525,Byron Bay Gifts Christmas Hampers Australia,$149.00,,/shop/productdetails/1074005525/byron-bay-gifts-christmas-hampers-australia
1074005587,Byron Bay Gifts Corporate Extravaganza Hamper,$500.00,,/shop/productdetails/1074005587/byron-bay-gifts-corporate-extravaganza-hamper
1074005539,Byron Bay Gifts Corporate Xmas Hampers,$229.00,,/shop/productdetails/1074005539/byron-bay-gifts-corporate-xmas-hampers
1074005568,Byron Bay Gifts Diner's Delight,$159.00,,/shop/productdetails/1074005568/byron-bay-gifts-diner-s-delight
1074005534,Byron Bay Gifts Epicurean Entertainer,$105.00,,/shop/productdetails/1074005534/byron-bay-gifts-epicurean-entertainer
1074005538,Byron Bay Gifts Festive Food Hamper,$175.00,,/shop/productdetails/1074005538/byron-bay-gifts-festive-food-hamper
1074005503,Byron Bay Gifts Gift Ideas Gift Hamper,$169.00,,/shop/productdetails/1074005503/byron-bay-gifts-gift-ideas-gift-hamper
1074005533,Byron Bay Gifts Gourmet Delight Gift Hampers,$169.00,,/shop/productdetails/1074005533/byron-bay-gifts-gourmet-delight-gift-hampers
1074005531,Byron Bay Gifts Gourmet Deluxe Hampers,$285.00,,/shop/productdetails/1074005531/byron-bay-gifts-gourmet-deluxe-hampers
1074005520,Byron Bay Gifts Gourmet Food Hampers,$135.00,,/shop/productdetails/1074005520/byron-bay-gifts-gourmet-food-hampers
1074005562,Byron Bay Gifts Ink Gin Hamper,$195.00,,/shop/productdetails/1074005562/byron-bay-gifts-ink-gin-hamper
1074005504,Byron Bay Gifts Premium Beer Box,$105.00,,/shop/productdetails/1074005504/byron-bay-gifts-premium-beer-box
1074005521,Byron Bay Gifts Premium Gift Hampers,$259.00,,/shop/productdetails/1074005521/byron-bay-gifts-premium-gift-hampers
1074005573,Byron Bay Gifts Prosecco Christmas Hamper,$99.00,,/shop/productdetails/1074005573/byron-bay-gifts-prosecco-christmas-hamper
1074005575,Byron Bay Gifts Rosé Christmas Hamper,$99.00,,/shop/productdetails/1074005575/byron-bay-gifts-ros-christmas-hamper
1074005572,Byron Bay Gifts Rosé Wine Pamper Hamper,$139.00,,/shop/productdetails/1074005572/byron-bay-gifts-ros-wine-pamper-hamper
1074005555,Byron Bay Gifts Stone & Wood Beer Box,$109.00,,/shop/productdetails/1074005555/byron-bay-gifts-stone-wood-beer-box
1074005556,Byron Bay Gifts Veuve Champagne & Relax Gift Hamper,$195.00,,/shop/productdetails/1074005556/byron-bay-gifts-veuve-champagne-relax-gift-hamper
1074005541,Byron Bay Gifts Veuve Champagne & Treats Gift Hamper,$199.00,,/shop/productdetails/1074005541/byron-bay-gifts-veuve-champagne-treats-gift-hamper
1074005524,Byron Bay Gifts Veuve Xmas Gift Hampers,$239.00,,/shop/productdetails/1074005524/byron-bay-gifts-veuve-xmas-gift-hampers
1074005532,Byron Bay Gifts Wine & Dine Gift Hamper,$105.00,,/shop/productdetails/1074005532/byron-bay-gifts-wine-dine-gift-hamper
1074005517,Byron Bay Gifts Wine Gift Hampers,$129.00,,/shop/productdetails/1074005517/byron-bay-gifts-wine-gift-hampers
1074005602,Byron Bay Gifts Wine of Australia Gift Hamper,$109.00,,/shop/productdetails/1074005602/byron-bay-gifts-wine-of-australia-gift-hamper
1073961473,Cabernet Sauvignon Red Wine & Greatest Gourmet Gift Hamper,$149.95,,/shop/productdetails/1073961473/cabernet-sauvignon-red-wine-greatest-gourmet-gift-hamper
1073945856,Calypso Kiwi Lemonade 473mL x 12 Pack,$50.95,$0.90 / 100ML,/shop/productdetails/1073945856/calypso-kiwi-lemonade-473ml-x-12-pack
1073968115,Christmas Barossan Besties Red Wine Shiraz Gift Hamper,$69.99,,/shop/productdetails/1073968115/christmas-barossan-besties-red-wine-shiraz-gift-hamper
1073964178,Christmas Chapel Hill Al Fresco Table Red Wine Shiraz Gift Hamper,$169.00,,/shop/productdetails/1073964178/christmas-chapel-hill-al-fresco-table-red-wine-shiraz-gift-hamper
1073964149,Christmas Four Pillars Martini Olive Leave Gin Gift Hamper,$199.99,,/shop/productdetails/1073964149/christmas-four-pillars-martini-olive-leave-gin-gift-hamper
1073968187,Christmas G.H.Mumm Sparkling Wine 2 Bottle Ice Bucket Gift Tin Hamper,$150.00,,/shop/productdetails/1073968187/christmas-g-h-mumm-sparkling-wine-2-bottle-ice-bucket-gift-tin-hamper
1073968182,Christmas Isabel Estate Sauvignon Blanc Pinot Gris White Wine Gift Hamper,$119.00,,/shop/productdetails/1073968182/christmas-isabel-estate-sauvignon-blanc-pinot-gris-white-wine-gift-hamper
1073968116,Christmas Oakridge Yarra Valley Pinot Noir Chardonnay Red & White Wine Gift Hamper,$189.00,,/shop/productdetails/1073968116/christmas-oakridge-yarra-valley-pinot-noir-chardonnay-red-white-wine-gift-hamper
1073961519,Chritsmas Mumm Sparkling Wine & Nibbles Gourmet Food Gift Hamper,$159.95,,/shop/productdetails/1073961519/chritsmas-mumm-sparkling-wine-nibbles-gourmet-food-gift-hamper
1073944624,Classic Aussie Gift Hamper,$100.00,,/shop/productdetails/1073944624/classic-aussie-gift-hamper
1073944629,Classic Tote Gift Hamper,$95.00,,/shop/productdetails/1073944629/classic-tote-gift-hamper
1074372914,Cocoboost Original Coconut Water All Natural Drink 24pc 320ml,$79.95,$3.33 / 1EA,/shop/productdetails/1074372914/cocoboost-original-coconut-water-all-natural-drink-24pc-320ml
1074024183,Coffee Hero Colombia Supremo Tenza Valley whole beans 1kg,$57.99,$5.80 / 100G,/shop/productdetails/1074024183/coffee-hero-colombia-supremo-tenza-valley-whole-beans-1kg
1074024186,Coffee Hero Ethiopia Guji Grade whole beans 1kg,$57.99,$5.80 / 100G,/shop/productdetails/1074024186/coffee-hero-ethiopia-guji-grade-whole-beans-1kg
1074024185,Coffee Hero Ethiopia Guji Grade whole beans 500g,$32.99,$6.60 / 100G,/shop/productdetails/1074024185/coffee-hero-ethiopia-guji-grade-whole-beans-500g
1074024197,Coffee Hero Ethiopia Muda Tatesa whole beans 250g,$28.99,$11.55 / 100G,/shop/productdetails/1074024197/coffee-hero-ethiopia-muda-tatesa-whole-beans-250g
1074024195,Coffee Hero Guatemala Bella Vista whole beans 1kg,$57.99,$5.80 / 100G,/shop/productdetails/1074024195/coffee-hero-guatemala-bella-vista-whole-beans-1kg
1074024194,Coffee Hero Guatemala Bella Vista whole beans 500g,$29.99,$6.00 / 100G,/shop/productdetails/1074024194/coffee-hero-guatemala-bella-vista-whole-beans-500g
1074024200,Coffee Hero Peru Kontiki whole beans 1kg,$59.99,$6.00 / 100G,/shop/productdetails/1074024200/coffee-hero-peru-kontiki-whole-beans-1kg
1074024199,Coffee Hero Peru Kontiki whole beans 500g,$32.99,$6.60 / 100G,/shop/productdetails/1074024199/coffee-hero-peru-kontiki-whole-beans-500g
1074024177,Coffee Hero Sincity whole beans 1kg,$55.99,$5.60 / 100G,/shop/productdetails/1074024177/coffee-hero-sincity-whole-beans-1kg
1074024176,Coffee Hero Sincity whole beans 500g,$28.99,$5.80 / 100G,/shop/productdetails/1074024176/coffee-hero-sincity-whole-beans-500g
1074024192,Coffee Hero Tanzania Olturoto whole beans 1kg,$62.99,$6.30 / 100G,/shop/productdetails/1074024192/coffee-hero-tanzania-olturoto-whole-beans-1kg
1074024191,Coffee Hero Tanzania Olturoto whole beans 500g,$32.99,$6.60 / 100G,/shop/productdetails/1074024191/coffee-hero-tanzania-olturoto-whole-beans-500g
1073935672,Connoisseur Gift Hamper,$175.00,,/shop/productdetails/1073935672/connoisseur-gift-hamper
1074014327,Cooper's Family Secret Amber Ale 1.7kg,$27.00,$1.59 / 100G,/shop/productdetails/1074014327/cooper-s-family-secret-amber-ale-1-7kg
1074014295,Coopers DIY Beer Brew Box,$75.00,$75.00 / 1EA,/shop/productdetails/1074014295/coopers-diy-beer-brew-box
1074014224,Coopers DIY Beer Brew Kit,$129.00,$129.00 / 1EA,/shop/productdetails/1074014224/coopers-diy-beer-brew-kit
1074165329,Craft A Brew Handcrafted Botanical Blend Gin Kit w/ Bottles/Corked,$89.00,$89.00 / 1EA,/shop/productdetails/1074165329/craft-a-brew-handcrafted-botanical-blend-gin-kit-w-bottles-corked
1073944619,Day Tripper Gift Hamper,$120.00,,/shop/productdetails/1073944619/day-tripper-gift-hamper
1074032637,De La Rosa Organic Red Grape Juice 750Ml,$32.99,$43.99 / 1L,/shop/productdetails/1074032637/de-la-rosa-organic-red-grape-juice-750ml
868664,Devondale 100% Pure Full Cream Long Life Milk 4x1l,N/A,N/A,/shop/productdetails/868664/devondale-100-pure-full-cream-long-life-milk
868732,Devondale Semi Skim Long Life Milk 4x1l,N/A,N/A,/shop/productdetails/868732/devondale-semi-skim-long-life-milk
868693,Devondale Skim Long Life Milk 4x1l,N/A,N/A,/shop/productdetails/868693/devondale-skim-long-life-milk
1074051202,Di Stefano Coffee Beans 1735 Blend 250g 2PK,$39.00,$19.50 / 1EA,/shop/productdetails/1074051202/di-stefano-coffee-beans-1735-blend-250g-2pk
1074051214,Di Stefano Coffee Beans 1820 Blend 250g 2PK,$39.00,$19.50 / 1EA,/shop/productdetails/1074051214/di-stefano-coffee-beans-1820-blend-250g-2pk
1074025851,Di Stefano Coffee Capsules 1735 Blend 60pc 54g,$56.00,$93.33 / 100EA,/shop/productdetails/1074025851/di-stefano-coffee-capsules-1735-blend-60pc-54g
1074025858,Di Stefano Coffee Capsules 1820 Blend 60pc 54g,$65.00,$108.33 / 100EA,/shop/productdetails/1074025858/di-stefano-coffee-capsules-1820-blend-60pc-54g
1074025834,Di Stefano Coffee Capsules Speciality Blend 109 60pc 54g,$62.00,$103.33 / 100EA,/shop/productdetails/1074025834/di-stefano-coffee-capsules-speciality-blend-109-60pc-54g
1073944632,Dinkum Delights Gift Hamper,$85.00,,/shop/productdetails/1073944632/dinkum-delights-gift-hamper
1074032749,Elite Instant Coffee 200g,$37.49,$18.75 / 100G,/shop/productdetails/1074032749/elite-instant-coffee-200g
1074128497,Espressotoria System Maragogype Coffee Capsules - 12 Packs,$72.00,$6.00 / 1EA,/shop/productdetails/1074128497/espressotoria-system-maragogype-coffee-capsules-12-packs
1074128642,Espressotoria System Mountain Grown Coffee Capsules -12 Packs,$72.00,$6.00 / 1EA,/shop/productdetails/1074128642/espressotoria-system-mountain-grown-coffee-capsules-12-packs
1073961525,Finest Gourmet with White Wine Hamper,$139.95,,/shop/productdetails/1073961525/finest-gourmet-with-white-wine-hamper
1074303407,Fruity Burst 250ml Batman Apple pk24,$51.37,$8.56 / 1L,/shop/productdetails/1074303407/fruity-burst-250ml-batman-apple-pk24
1074303412,Fruity Burst 250ml Matildas Apple pk24,$51.37,$8.56 / 1L,/shop/productdetails/1074303412/fruity-burst-250ml-matildas-apple-pk24
1074303416,Fruity Burst 250ml Pj Mask Abc Pk24,$51.37,$8.56 / 1L,/shop/productdetails/1074303416/fruity-burst-250ml-pj-mask-abc-pk24
1073811818,G.H.Mumm Champagne & Premium Chocolate Gift Hamper,$209.95,,/shop/productdetails/1073811818/g-h-mumm-champagne-premium-chocolate-gift-hamper
1073811820,G.H.Mumm Premium Champagne & Nibbles Gift Hamper,$209.95,,/shop/productdetails/1073811820/g-h-mumm-premium-champagne-nibbles-gift-hamper
1074323110,Garniche79 Gold Dusted Coffee Beans - Drink and Bomboniere 50g,$23.95,$47.90 / 100G,/shop/productdetails/1074323110/garniche79-gold-dusted-coffee-beans-drink-and-bomboniere-50g
1073961437,Gift Pack Abstinence Cape Spice 0% Gin 750ml,$38.65,,/shop/productdetails/1073961437/gift-pack-abstinence-cape-spice-0-gin-750ml
1073841257,Gift Pack Duo Abstinence Blood Orange and Lemon 0% Aperitif 750ml,$53.95,,/shop/productdetails/1073841257/gift-pack-duo-abstinence-blood-orange-and-lemon-0-aperitif-750ml
1073841254,Gift Pack Duo Abstinence Floral & Epilogue 0% Gin 750ml,$80.95,,/shop/productdetails/1073841254/gift-pack-duo-abstinence-floral-epilogue-0-gin-750ml
1073845513,"Gift Pack Duo Ginologist I Love You 0% Gin 700ml, Pink Tonic Sugar Free 200ml",$58.35,,/shop/productdetails/1073845513/gift-pack-duo-ginologist-i-love-you-0-gin-700ml-pink-tonic-sugar-free-200ml
1073917617,"Gift Pack Duo John Ross The Pioneer 0% Gin 750ml, Pink Tonic 24 x 200ml",$55.95,,/shop/productdetails/1073917617/gift-pack-duo-john-ross-the-pioneer-0-gin-750ml-pink-tonic-24-x-200ml
1073983398,Gift Pack Duo Non-Alcoholic Sparkling Wines - Lautus & Gorgeous 750ml,$45.95,,/shop/productdetails/1073983398/gift-pack-duo-non-alcoholic-sparkling-wines-lautus-gorgeous-750ml
1073983397,Gift Pack Duo Non-Alcoholic Sparkling Wines - Lautus Rosé & Gorgeous 750ml,$45.95,,/shop/productdetails/1073983397/gift-pack-duo-non-alcoholic-sparkling-wines-lautus-ros-gorgeous-750ml
1073962220,Gift Pack Ginologist Snowglobe 0% 700ml - Designs may vary,$53.95,,/shop/productdetails/1073962220/gift-pack-ginologist-snowglobe-0-700ml-designs-may-vary
1073959571,"Gift Pack Ginologist Snowglobe 0% Gin 700ml, Secco Festive Drink Infusion, Fitch & Leedes Tonic 24 x 200ml - Designs may vary",$115.06,,/shop/productdetails/1073959571/gift-pack-ginologist-snowglobe-0-gin-700ml-secco-festive-drink-infusion-fitch-leedes-tonic-24-x-200ml-designs-may-vary
1073962800,"Gift Pack Ginologist Snowglobe 0% Gin 700ml, Secco Festive Drink Infusion, Gin 0% Baubles 4x50ml, Fitch & Leedes Tonic 24 x 200ml - Designs may vary",$138.42,,/shop/productdetails/1073962800/gift-pack-ginologist-snowglobe-0-gin-700ml-secco-festive-drink-infusion-gin-0-baubles-4x50ml-fitch-leedes-tonic-24-x-200ml-designs-may-vary
1073959570,Gift Pack Ginologist Snowglobe Gin 0% 700ml & Secco Festive Drink Infusion - Designs may vary,$80.91,,/shop/productdetails/1073959570/gift-pack-ginologist-snowglobe-gin-0-700ml-secco-festive-drink-infusion-designs-may-vary
1074328727,"Gift Pack Mixed Case Lautus Non-Alc Wines - Savvy Red, Rosé, Sauvignon Blanc & Sparkling Rosé 24x250ml",$86.00,,/shop/productdetails/1074328727/gift-pack-mixed-case-lautus-non-alc-wines-savvy-red-ros-sauvignon-blanc-sparkling-ros-24x250ml
1073983396,"Gift Pack Non-Alcoholic Sparkling Wines - Allure, Lautus, Lautus Rosé & Gorgeous 750ml",$77.25,,/shop/productdetails/1073983396/gift-pack-non-alcoholic-sparkling-wines-allure-lautus-lautus-ros-gorgeous-750ml
1073963320,Gift Pack Secco Festive Drink Infusion 8 Sachets of Dried Botanicals Mixed Flavours,$26.95,,/shop/productdetails/1073963320/gift-pack-secco-festive-drink-infusion-8-sachets-of-dried-botanicals-mixed-flavours
1073841255,"Gift Pack Trio Abstinence Spice, Floral & Epilogue 0% Gin 750ml",$121.50,,/shop/productdetails/1073841255/gift-pack-trio-abstinence-spice-floral-epilogue-0-gin-750ml
1073917616,"Gift Pack Trio Ginologist Floral 0% Gin 700ml, Cookbook & Pink Tonic 200ml",$80.95,,/shop/productdetails/1073917616/gift-pack-trio-ginologist-floral-0-gin-700ml-cookbook-pink-tonic-200ml
1073934991,Glenlivet Gift Set,$130.00,,/shop/productdetails/1073934991/glenlivet-gift-set
1073865601,Golden Wattle Lemon Linden Melody 100g,$21.45,$21.45 / 100G,/shop/productdetails/1073865601/golden-wattle-lemon-linden-melody-100g
1073865633,Golden Wattle Linden & Elderflower 50g,$15.00,$30.00 / 100G,/shop/productdetails/1073865633/golden-wattle-linden-elderflower-50g
1073865602,Golden Wattle Rosy Summer Garden 100g,$19.45,$19.45 / 100G,/shop/productdetails/1073865602/golden-wattle-rosy-summer-garden-100g
1074046997,Gorgeous Sparkling Rosé Non-Alcoholic 750ml,$19.95,,/shop/productdetails/1074046997/gorgeous-sparkling-ros-non-alcoholic-750ml
1073944621,Gourmet Aussie Gift Hamper,$115.00,,/shop/productdetails/1073944621/gourmet-aussie-gift-hamper
1073961527,Gourmet Food Cocktail Celebration Gift Hamper,$239.95,,/shop/productdetails/1073961527/gourmet-food-cocktail-celebration-gift-hamper
1073961523,Gourmet Grazing & Red Wine Entertaining Gift Hamper,$169.95,,/shop/productdetails/1073961523/gourmet-grazing-red-wine-entertaining-gift-hamper
1073961524,Gourmet Grazing & White Wine Entertaining Gift Hamper,$169.95,,/shop/productdetails/1073961524/gourmet-grazing-white-wine-entertaining-gift-hamper
1073961470,Gourmet Treats Red Wine & Gourmet Treats Gift Hamper,$69.95,,/shop/productdetails/1073961470/gourmet-treats-red-wine-gourmet-treats-gift-hamper
1073935668,Great Entertainer Gift Hamper,$190.00,,/shop/productdetails/1073935668/great-entertainer-gift-hamper
1074395555,Guzzini On The Go Flat Pack Water Bottle Ripples - Blue 550ml,$73.00,$73.00 / 1EA,/shop/productdetails/1074395555/guzzini-on-the-go-flat-pack-water-bottle-ripples-blue-550ml
1073837680,Hemp Oz Soothing Tea - Immune (Daily Immune Support) 45G,$18.95,$42.11 / 100G,/shop/productdetails/1073837680/hemp-oz-soothing-tea-immune-daily-immune-support-45g
1073837682,Hemp Oz Soothing Tea - Sleep (Rest & Unwind) 45G,$18.95,$42.11 / 100G,/shop/productdetails/1073837682/hemp-oz-soothing-tea-sleep-rest-unwind-45g
1073807032,Hottea Mama Night Owl 15pack,$15.75,$1.05 / 1EA,/shop/productdetails/1073807032/hottea-mama-night-owl-15pack
1073897764,Hottea Mama Pregnancy Wellness Gift Set 1pack,$44.75,,/shop/productdetails/1073897764/hottea-mama-pregnancy-wellness-gift-set-1pack
1073897766,Hottea Mama Sleep Saviour Wellness Tea Set 1pack,$44.75,$44.75 / 1EA,/shop/productdetails/1073897766/hottea-mama-sleep-saviour-wellness-tea-set-1pack
1073974299,I Am Grounded Chocolate Crunch and Coffee Fruit Superfruit Clusters 120g,$12.00,$10.00 / 100G,/shop/productdetails/1073974299/i-am-grounded-chocolate-crunch-and-coffee-fruit-superfruit-clusters-120g
1074001248,Jomeis Fine Foods Beetroot Latte Duo Pack - 240g,$24.95,$10.40 / 100G,/shop/productdetails/1074001248/jomeis-fine-foods-beetroot-latte-duo-pack-240g
1073846503,Joyful Baby Arrival with Mumm Prestige Hamper,$179.95,,/shop/productdetails/1073846503/joyful-baby-arrival-with-mumm-prestige-hamper
1073846502,Joyful Baby Arrival with Mumm Vintage Rose Hamper,$179.95,,/shop/productdetails/1073846502/joyful-baby-arrival-with-mumm-vintage-rose-hamper
1073944630,Jumbo Carry Box Gift Hamper,$95.00,,/shop/productdetails/1073944630/jumbo-carry-box-gift-hamper
1074032753,Kedem Concord Grape Juice 946Ml x 2,$34.20,$17.10 / 1EA,/shop/productdetails/1074032753/kedem-concord-grape-juice-946ml-x-2
1074032889,Kedem Light Grape Juice 2.84L,$40.49,$14.26 / 1L,/shop/productdetails/1074032889/kedem-light-grape-juice-2-84l
175835,L'or Espresso Advent Calendar 2021 - 24 Capsules Each,N/A,N/A,/shop/productdetails/175835/lor-espresso-advent-calendar-2021-24-capsules
1074032800,Langers Mango Nectar. 3.78L,$32.99,$8.73 / 1L,/shop/productdetails/1074032800/langers-mango-nectar-3-78l
1074386600,Lavazza Espresso Qualita Rossa Nespresso Compatible Coffee Capsules 100 Pack (10 x 10 Pack),$44.95,$44.95 / 100EA,/shop/productdetails/1074386600/lavazza-espresso-qualita-rossa-nespresso-compatible-coffee-capsules-100-pack-10-x-10-pack-
309492,Lavazza Tales Of Italy Alluring Napoli Ground Coffee 250g,$8.40,$3.36 / 100G,/shop/productdetails/309492/lavazza-tales-of-italy-alluring-napoli-ground-coffee
309553,Lavazza Tales Of Italy Refined Milano Coffee Beans 500g,$15.00,$3.00 / 100G,/shop/productdetails/309553/lavazza-tales-of-italy-refined-milano-coffee-beans
1074294344,Lipton Ice Tea 500ml Raspberry Pk12,$35.68,$5.95 / 1L,/shop/productdetails/1074294344/lipton-ice-tea-500ml-raspberry-pk12
1074042833,Mengku Rongshi Pu'er Tea 8g*20pcs 160g,$55.99,$2.80 / 8G,/shop/productdetails/1074042833/mengku-rongshi-pu-er-tea-8g-20pcs-160g
1074002183,MirMir Organics Certified Organic Guduchi Tea Pyramid Tea Bags 40gm x 2 packs,$23.50,$58.75 / 100G,/shop/productdetails/1074002183/mirmir-organics-certified-organic-guduchi-tea-pyramid-tea-bags-40gm-x-2-packs
1074002167,MirMir Organics Certified Organic Ilam Black Tea Pyramid Tea Bags 40gm x 2 packs,$23.50,$58.75 / 100G,/shop/productdetails/1074002167/mirmir-organics-certified-organic-ilam-black-tea-pyramid-tea-bags-40gm-x-2-packs
1074294421,Mountain Fresh 400ml Apple & Guava Juice Pk12,$39.24,$8.18 / 1L,/shop/productdetails/1074294421/mountain-fresh-400ml-apple-guava-juice-pk12
1074294385,Mountain Fresh 400ml Apple & Passionfruit Juice pk12,$39.24,$8.18 / 1L,/shop/productdetails/1074294385/mountain-fresh-400ml-apple-passionfruit-juice-pk12
1074294304,Mountain Fresh 400ml Apple Juice pk12,$39.24,$8.18 / 1L,/shop/productdetails/1074294304/mountain-fresh-400ml-apple-juice-pk12
1074294361,Mountain Fresh 400ml Orange Plus Juice pk12,$39.24,$8.18 / 1L,/shop/productdetails/1074294361/mountain-fresh-400ml-orange-plus-juice-pk12
1074290972,Mrs Toddy's Kauai Glow Tonic 250ml x12,$69.95,,/shop/productdetails/1074290972/mrs-toddy-s-kauai-glow-tonic-250ml-x12
1074290973,Mrs Toddy's Maui Bliss Chill Out Tonic 250ml x12,$69.95,,/shop/productdetails/1074290973/mrs-toddy-s-maui-bliss-chill-out-tonic-250ml-x12
1074290967,Mrs Toddy's Ubud Jamu Recovery Tonic 250ml x12,$69.95,,/shop/productdetails/1074290967/mrs-toddy-s-ubud-jamu-recovery-tonic-250ml-x12
1074290968,Mrs Toddy's Uluwatu Immunity Tonic 250ml x12,$69.95,,/shop/productdetails/1074290968/mrs-toddy-s-uluwatu-immunity-tonic-250ml-x12
1073811811,Mumm Prestige & The Cocoa Emporium Selection Sweet & Savoury Treats Gift Hamper,$139.95,,/shop/productdetails/1073811811/mumm-prestige-the-cocoa-emporium-selection-sweet-savoury-treats-gift-hamper
1073811813,Mumm Prestige Brut & Gourmet Finest Sparkling Wine Food Gift Hamper,$139.95,,/shop/productdetails/1073811813/mumm-prestige-brut-gourmet-finest-sparkling-wine-food-gift-hamper
1073811812,Mumm Vintage Rose & Gourmet Finest Chocolate Nuts & Cracker Gift Hamper,$149.95,,/shop/productdetails/1073811812/mumm-vintage-rose-gourmet-finest-chocolate-nuts-cracker-gift-hamper
1073927467,New York Cocktail Infusion Mixer Clover Club Bottle w/ Small Sieve 108g,$21.00,$19.44 / 100G,/shop/productdetails/1073927467/new-york-cocktail-infusion-mixer-clover-club-bottle-w-small-sieve-108g
1073927474,New York Cocktail Infusion Mixer French Martini Bottle w/ Small Sieve 108g,$21.00,$19.44 / 100G,/shop/productdetails/1073927474/new-york-cocktail-infusion-mixer-french-martini-bottle-w-small-sieve-108g
1074025768,New York Cocktail Poppin Pearls Assorted 1.2kg 12pc,$87.00,$7.25 / 1EA,/shop/productdetails/1074025768/new-york-cocktail-poppin-pearls-assorted-1-2kg-12pc
1074294325,Nippy's 375ml Iced Honeycomb Flavoured Milk Pk24,$65.47,$7.27 / 1L,/shop/productdetails/1074294325/nippy-s-375ml-iced-honeycomb-flavoured-milk-pk24
1074294420,Nippy's 500ml Bottles Iced Chocolate Flavoured Milk Pk12,$46.66,$7.78 / 1L,/shop/productdetails/1074294420/nippy-s-500ml-bottles-iced-chocolate-flavoured-milk-pk12
1074294381,Nutrient Water 575ml Boysenberry Lemonade (Revive) Pk12,$43.53,$6.31 / 1L,/shop/productdetails/1074294381/nutrient-water-575ml-boysenberry-lemonade-revive-pk12
308994,Origin Tea Low Sugar Chai Latte 200g,N/A,N/A,/shop/productdetails/308994/origin-tea-low-sugar-chai-latte
1073935675,Oz Epicure Gift Hamper,$140.00,,/shop/productdetails/1073935675/oz-epicure-gift-hamper
1073935669,Oz Garden Party Gift Hamper,$190.00,,/shop/productdetails/1073935669/oz-garden-party-gift-hamper
1073945897,Planet Organic Echinacea Plus 25 Tea Bags x 2pack,$12.80,$25.60 / 100EA,/shop/productdetails/1073945897/planet-organic-echinacea-plus-25-tea-bags-x-2pack
1073961526,Premium Cocktail & Gourmet Food Selection Gift Hamper,$119.95,,/shop/productdetails/1073961526/premium-cocktail-gourmet-food-selection-gift-hamper
1073908329,Primo Caffe Espresso Tazza D'oro Coffee Beans 1KG 2PK,$45.00,$22.50 / 1EA,/shop/productdetails/1073908329/primo-caffe-espresso-tazza-d-oro-coffee-beans-1kg-2pk
1073908285,Primo Caffe Maestro Coffee Capsules 6x 10PK,$36.00,$0.60 / 1EA,/shop/productdetails/1073908285/primo-caffe-maestro-coffee-capsules-6x-10pk
1073935468,Purely Gourmet Beer & Wine Date Night Hamper,$130.00,,/shop/productdetails/1073935468/purely-gourmet-beer-wine-date-night-hamper
1073935465,Purely Gourmet Beer Indulgence Gift Hamper,$75.00,,/shop/productdetails/1073935465/purely-gourmet-beer-indulgence-gift-hamper
1073935467,Purely Gourmet Beers & Movie Gift Hamper,$70.00,,/shop/productdetails/1073935467/purely-gourmet-beers-movie-gift-hamper
1073935448,Purely Gourmet Moet Celebration Hamper,$165.00,,/shop/productdetails/1073935448/purely-gourmet-moet-celebration-hamper
1073935447,Purely Gourmet Pepperjack & Australian Sweets Hamper,$100.00,,/shop/productdetails/1073935447/purely-gourmet-pepperjack-australian-sweets-hamper
1073935466,Purely Gourmet Snacks with Beer,$95.00,,/shop/productdetails/1073935466/purely-gourmet-snacks-with-beer
1073935462,Purely Gourmet The Ultimate Pamper Hamper,$190.00,,/shop/productdetails/1073935462/purely-gourmet-the-ultimate-pamper-hamper
1073935469,Purely Gourmet Whisky & Antipasto Gift Hamper (Chivas Regal),$155.00,,/shop/productdetails/1073935469/purely-gourmet-whisky-antipasto-gift-hamper-chivas-regal-
1073935470,Purely Gourmet Whisky & Antipasto Gift Hamper (Glenfiddich),$200.00,,/shop/productdetails/1073935470/purely-gourmet-whisky-antipasto-gift-hamper-glenfiddich-
1073935478,Purely Gourmet Whisky & Snacks Gift Hamper (Chivas Regal),$150.00,,/shop/productdetails/1073935478/purely-gourmet-whisky-snacks-gift-hamper-chivas-regal-
1073935479,Purely Gourmet Whisky & Snacks Gift Hamper (Glenfiddich),$200.00,,/shop/productdetails/1073935479/purely-gourmet-whisky-snacks-gift-hamper-glenfiddich-
306620,Quarterpast Apple Iced Black Tea 360ml,$6.75,$1.88 / 100ML,/shop/productdetails/306620/quarterpast-apple-iced-black-tea
307852,Quarterpast Iced Tea Concentrate Peach 360ml,$6.75,$1.88 / 100ML,/shop/productdetails/307852/quarterpast-iced-tea-concentrate-peach
1073890413,Red & White Wine Chocolate Nuts & Cracker Gift Hamper,$179.95,,/shop/productdetails/1073890413/red-white-wine-chocolate-nuts-cracker-gift-hamper
1074294329,San Pellegrino 200ml Sparkling Water Chinotto Glass pk24,$63.38,$13.20 / 1L,/shop/productdetails/1074294329/san-pellegrino-200ml-sparkling-water-chinotto-glass-pk24
257765,Sanitarium Up&go Liquid Breakfast Vanilla 350ml,N/A,N/A,/shop/productdetails/257765/sanitarium-up-go-liquid-breakfast-vanilla
1073811806,Sauvignon Blanc White Wine & Gourmet Food Chocolate Snack Gift Hamper,$99.95,,/shop/productdetails/1073811806/sauvignon-blanc-white-wine-gourmet-food-chocolate-snack-gift-hamper
1074294411,Schweppes 300ml Lemon/Lime Bitters Pk24,$44.04,$6.12 / 1L,/shop/productdetails/1074294411/schweppes-300ml-lemon-lime-bitters-pk24
1074294299,Schweppes 600ml Pepsi Pk24,$76.44,$5.31 / 1L,/shop/productdetails/1074294299/schweppes-600ml-pepsi-pk24
1074294377,Schweppes 600ml Sunkist pk24,$76.44,$5.31 / 1L,/shop/productdetails/1074294377/schweppes-600ml-sunkist-pk24
1073935676,Shop-Around Gift Hamper,$125.00,,/shop/productdetails/1073935676/shop-around-gift-hamper
1074294404,Soda Boss 375ml Cans Peach Rings pk12,$25.75,$5.72 / 1L,/shop/productdetails/1074294404/soda-boss-375ml-cans-peach-rings-pk12
1074294308,Soda Boss 375ml Cans Pineapple Lollies pk12,$25.75,$5.72 / 1L,/shop/productdetails/1074294308/soda-boss-375ml-cans-pineapple-lollies-pk12
1074294364,Soda Boss 375ml Cans Raspberry Red Frogs pk12,$25.75,$5.72 / 1L,/shop/productdetails/1074294364/soda-boss-375ml-cans-raspberry-red-frogs-pk12
1074254313,Soda Press Organic Summer Orange Soda Mix Syrup 500ml,$19.00,$19.00 / 1EA,/shop/productdetails/1074254313/soda-press-organic-summer-orange-soda-mix-syrup-500ml
1074082956,Stitch Coffee - Coco Field 33% Drinking Chocolate 250g,$18.00,$7.20 / 100G,/shop/productdetails/1074082956/stitch-coffee-coco-field-33-drinking-chocolate-250g
1074052559,Stitch Coffee Black Field Blend 1kg - Premium Specialty Coffee,$60.00,$6.00 / 100G,/shop/productdetails/1074052559/stitch-coffee-black-field-blend-1kg-premium-specialty-coffee
1074052558,Stitch Coffee Black Field Blend 250g - Premium Specialty Coffee,$20.00,$8.00 / 100G,/shop/productdetails/1074052558/stitch-coffee-black-field-blend-250g-premium-specialty-coffee
1074052571,Stitch Coffee Handcrafted Sticky Chai Loose Leaf Chai Tea 200g,$25.00,$12.50 / 100G,/shop/productdetails/1074052571/stitch-coffee-handcrafted-sticky-chai-loose-leaf-chai-tea-200g
1074052572,Stitch Coffee Handcrafted Sticky Chai Loose Leaf Tea (Vegan) 200g,$25.00,$12.50 / 100G,/shop/productdetails/1074052572/stitch-coffee-handcrafted-sticky-chai-loose-leaf-tea-vegan-200g
1074052554,Stitch Coffee Higgs Field Blend 1k - Premium Specialty Coffee,$60.00,$6.00 / 100G,/shop/productdetails/1074052554/stitch-coffee-higgs-field-blend-1k-premium-specialty-coffee
1074317056,Stitch Coffee Iced Oat Milk Latte Can 12 pack,$62.00,$21.53 / 1L,/shop/productdetails/1074317056/stitch-coffee-iced-oat-milk-latte-can-12-pack
1074082852,Stitch Coffee PNG Okapa Blue Pods - Premium Specialty Coffee 10pk - HOME Compostable,$13.00,$1.30 / 1EA,/shop/productdetails/1074082852/stitch-coffee-png-okapa-blue-pods-premium-specialty-coffee-10pk-home-compostable
1073944634,Super Crisp Northern Gift Hamper,$80.00,,/shop/productdetails/1073944634/super-crisp-northern-gift-hamper
1073968185,"Tasmanian Lark Distillery Classic, Wolf Christmas Triple Whiskey Gift Pack Hamper",$199.00,,/shop/productdetails/1073968185/tasmanian-lark-distillery-classic-wolf-christmas-triple-whiskey-gift-pack-hamper
1074023484,Tastebuds Baby Bear Blue Hamper With Wini-beads Blue and White Teether And Emotion and Kids Panda Muslin Wrap,$89.00,,/shop/productdetails/1074023484/tastebuds-baby-bear-blue-hamper-with-wini-beads-blue-and-white-teether-and-emotion-and-kids-panda-muslin-wrap
1074023551,Tastebuds Bath Bombs and Silky Robes Pamper Hamper,$129.00,,/shop/productdetails/1074023551/tastebuds-bath-bombs-and-silky-robes-pamper-hamper
1074023405,Tastebuds Dream Baby Girl Belgian Chocolate Bouquet,$65.00,,/shop/productdetails/1074023405/tastebuds-dream-baby-girl-belgian-chocolate-bouquet
1074023426,Tastebuds Gluten Free Dark Chocolate Indulgence,$119.00,,/shop/productdetails/1074023426/tastebuds-gluten-free-dark-chocolate-indulgence
1074023446,Tastebuds Lilacs and Violets Belgian Chocolate Bouquet,$65.00,,/shop/productdetails/1074023446/tastebuds-lilacs-and-violets-belgian-chocolate-bouquet
1074023428,Tastebuds Organic English Rose Beauty Hamper,$199.00,,/shop/productdetails/1074023428/tastebuds-organic-english-rose-beauty-hamper
1074023454,Tastebuds She's So Pretty Belgian Milk Chocolate Bouquet,$69.00,,/shop/productdetails/1074023454/tastebuds-she-s-so-pretty-belgian-milk-chocolate-bouquet
1074023485,Tastebuds Sparkling Rose for Little Baby Bear Hamper,$79.00,,/shop/productdetails/1074023485/tastebuds-sparkling-rose-for-little-baby-bear-hamper
1074023456,Tastebuds Tastebuddy Surprise Belgian Milk Chocolate Bouquet,$49.00,,/shop/productdetails/1074023456/tastebuds-tastebuddy-surprise-belgian-milk-chocolate-bouquet
1074023443,Tastebuds Teddy and Belgian Chocolate Stars Bouquet,$65.00,,/shop/productdetails/1074023443/tastebuds-teddy-and-belgian-chocolate-stars-bouquet
1074023457,Tastebuds The Perfect Belgian Chocolate Arrangement with Lindt and Fererro Rocher Bouquet,$75.00,,/shop/productdetails/1074023457/tastebuds-the-perfect-belgian-chocolate-arrangement-with-lindt-and-fererro-rocher-bouquet
1074023473,Tastebuds Vegan Friendly Chocolate Bar Hamper,$115.00,,/shop/productdetails/1074023473/tastebuds-vegan-friendly-chocolate-bar-hamper
1074023480,Tastebuds Your Vegan Chocolate Pack,$75.00,,/shop/productdetails/1074023480/tastebuds-your-vegan-chocolate-pack
1073961510,Tastes of Country Hamper - Ultimate Selection with Sparkling,$259.95,,/shop/productdetails/1073961510/tastes-of-country-hamper-ultimate-selection-with-sparkling
1074140675,Tastes of Country Premium Treats White Wine Gift Hamper Australian Made,$139.95,,/shop/productdetails/1074140675/tastes-of-country-premium-treats-white-wine-gift-hamper-australian-made
1073961575,Tea Gardens Probiotic Iced Tea Peach 800ml,$69.60,$3.63 / 1L,/shop/productdetails/1073961575/tea-gardens-probiotic-iced-tea-peach-800ml
1073963053,The Hamper Emporium - A Touch of Luxury with Chandon Hamper,$159.00,,/shop/productdetails/1073963053/the-hamper-emporium-a-touch-of-luxury-with-chandon-hamper
1073963084,The Hamper Emporium - A Touch of Luxury with Moet Hamper,$189.00,,/shop/productdetails/1073963084/the-hamper-emporium-a-touch-of-luxury-with-moet-hamper
1073963067,The Hamper Emporium - Home Essentials with Red Wine Hamper,$99.00,,/shop/productdetails/1073963067/the-hamper-emporium-home-essentials-with-red-wine-hamper
1073963070,The Hamper Emporium - Indulgent Home Essentials with Chandon Hamper,$169.00,,/shop/productdetails/1073963070/the-hamper-emporium-indulgent-home-essentials-with-chandon-hamper
1073963068,The Hamper Emporium - Indulgent Home Essentials with Red Wine Hamper,$129.00,,/shop/productdetails/1073963068/the-hamper-emporium-indulgent-home-essentials-with-red-wine-hamper
1073963082,The Hamper Emporium - Men's A Little Luxury Hamper with Ponting Shiraz,$129.00,,/shop/productdetails/1073963082/the-hamper-emporium-men-s-a-little-luxury-hamper-with-ponting-shiraz
1073963062,The Hamper Emporium - Men's Relax & Indulge with Red Wine Hamper,$189.00,,/shop/productdetails/1073963062/the-hamper-emporium-men-s-relax-indulge-with-red-wine-hamper
1073963064,The Hamper Emporium - Men's Relaxation with Red Wine Hamper,$149.00,,/shop/productdetails/1073963064/the-hamper-emporium-men-s-relaxation-with-red-wine-hamper
1073963058,The Hamper Emporium - More Than Flowers with Chandon Rose Hamper,$179.00,,/shop/productdetails/1073963058/the-hamper-emporium-more-than-flowers-with-chandon-rose-hamper
1073963028,The Hamper Emporium - Sheridan Bear & Moet Boy Hamper,$199.00,,/shop/productdetails/1073963028/the-hamper-emporium-sheridan-bear-moet-boy-hamper
1073963025,The Hamper Emporium - Sheridan Bear & Moet Girl Hamper,$199.00,,/shop/productdetails/1073963025/the-hamper-emporium-sheridan-bear-moet-girl-hamper
1073963024,The Hamper Emporium - Sheridan Bear & Moet Hamper,$199.00,,/shop/productdetails/1073963024/the-hamper-emporium-sheridan-bear-moet-hamper
1073963065,The Hamper Emporium - Wish You Well Hamper,$79.00,,/shop/productdetails/1073963065/the-hamper-emporium-wish-you-well-hamper
1073963004,The Hamper Emporium Beers of Australia Hamper,$99.00,,/shop/productdetails/1073963004/the-hamper-emporium-beers-of-australia-hamper
1073961283,The Hamper Emporium Chandon & Sweet Foodies Hamper,$199.00,,/shop/productdetails/1073961283/the-hamper-emporium-chandon-sweet-foodies-hamper
1073961248,The Hamper Emporium Chandon with Australian Sweets & Nuts Hamper,$99.00,,/shop/productdetails/1073961248/the-hamper-emporium-chandon-with-australian-sweets-nuts-hamper
1073961252,The Hamper Emporium Foodies with Premium Shiraz Wine Hamper,$169.00,,/shop/productdetails/1073961252/the-hamper-emporium-foodies-with-premium-shiraz-wine-hamper
1073963006,The Hamper Emporium MicroBreweries of Australia Hamper,$119.00,,/shop/productdetails/1073963006/the-hamper-emporium-microbreweries-of-australia-hamper
1073961247,The Hamper Emporium Moet with Australian Sweets & Nuts Hamper,$139.00,,/shop/productdetails/1073961247/the-hamper-emporium-moet-with-australian-sweets-nuts-hamper
1073961256,The Hamper Emporium Ponting 'The Pinnacle' Shiraz Hamper,$99.00,,/shop/productdetails/1073961256/the-hamper-emporium-ponting-the-pinnacle-shiraz-hamper
1073961249,The Hamper Emporium Premium Red & White Wine Hamper,$179.00,,/shop/productdetails/1073961249/the-hamper-emporium-premium-red-white-wine-hamper
1073961288,The Hamper Emporium Red & White Nibbles Hamper,$139.00,,/shop/productdetails/1073961288/the-hamper-emporium-red-white-nibbles-hamper
1073961242,The Hamper Emporium Red Wine & Nibbles Hamper,$99.00,,/shop/productdetails/1073961242/the-hamper-emporium-red-wine-nibbles-hamper
1073961255,The Hamper Emporium Red Wine & Savoury Delights,$69.00,,/shop/productdetails/1073961255/the-hamper-emporium-red-wine-savoury-delights
1073961251,The Hamper Emporium Rose Sweet Epicure Hamper,$179.00,,/shop/productdetails/1073961251/the-hamper-emporium-rose-sweet-epicure-hamper
1073963020,The Hamper Emporium Sheridan Baby Snuggles with Moet Hamper,$249.00,,/shop/productdetails/1073963020/the-hamper-emporium-sheridan-baby-snuggles-with-moet-hamper
1073961293,The Hamper Emporium The Ultimate Foodies with Shiraz Hamper,$209.00,,/shop/productdetails/1073961293/the-hamper-emporium-the-ultimate-foodies-with-shiraz-hamper
1073961243,The Hamper Emporium White Wine & Nibbles Hamper,$99.00,,/shop/productdetails/1073961243/the-hamper-emporium-white-wine-nibbles-hamper
1073780339,The Healthy Chef Beauty Tea 120g,$32.95,$27.46 / 100G,/shop/productdetails/1073780339/the-healthy-chef-beauty-tea-120g
1073780342,The Healthy Chef Immune Tea 80g,$29.95,$37.44 / 100G,/shop/productdetails/1073780342/the-healthy-chef-immune-tea-80g
1073780343,The Healthy Chef Relax Tea 80g,$29.95,$37.44 / 100G,/shop/productdetails/1073780343/the-healthy-chef-relax-tea-80g
1073972511,The Organic Tea Project Breakfast Tea Bags 60 pack,$28.70,$47.83 / 100EA,/shop/productdetails/1073972511/the-organic-tea-project-breakfast-tea-bags-60-pack
1073972859,The Organic Tea Project Digestive Tea Bags 60 pack,$28.70,$47.83 / 100EA,/shop/productdetails/1073972859/the-organic-tea-project-digestive-tea-bags-60-pack
1073973014,The Organic Tea Project Masala Chai Tea Bags 60 pack,$28.70,$47.83 / 100EA,/shop/productdetails/1073973014/the-organic-tea-project-masala-chai-tea-bags-60-pack
1073974655,The Tea Collective Blossom Loose Leaf Maternity Collection 80g,$31.95,$39.94 / 100G,/shop/productdetails/1073974655/the-tea-collective-blossom-loose-leaf-maternity-collection-80g
1073974656,The Tea Collective Flower Loose Leaf Maternity Collection 80g,$31.95,$39.94 / 100G,/shop/productdetails/1073974656/the-tea-collective-flower-loose-leaf-maternity-collection-80g
1073974654,The Tea Collective Seed Loose Leaf Maternity Collection 80g,$31.95,$39.94 / 100G,/shop/productdetails/1073974654/the-tea-collective-seed-loose-leaf-maternity-collection-80g
288628,Thirst Trap Spring Water Cans 500ml X 4 Pack,$7.50,$3.75 / 1L,/shop/productdetails/288628/h2coco-pty-ltd-thirst-trap-spring-water-cans
1073961530,Ultimate Gourmet Food & St Hugo Cabernet Sauvignon Red Wine Gift Hamper,$179.95,,/shop/productdetails/1073961530/ultimate-gourmet-food-st-hugo-cabernet-sauvignon-red-wine-gift-hamper
1074031773,Vita Chrysanthemum Tea Less sugar 250ml*6pk&nbsp; X 4Pack,$36.99,$9.25 / 1EA,/shop/productdetails/1074031773/vita-chrysanthemum-tea-less-sugar-250ml-6pk-nbsp-x-4pack
310030,Vittoria Coffee Black Valley Riserva Blend Capsules 20 Pack,$13.00,$0.65 / 1EA,/shop/productdetails/310030/vittoria-coffee-black-valley-riserva-blend-capsules
1074046006,Wang Lao Ji Herbal Drink 310ml*6pk X 2Pack,$24.69,$2.06 / 1EA,/shop/productdetails/1074046006/wang-lao-ji-herbal-drink-310ml-6pk-x-2pack
1074049686,Waves & Caves Cola 330ml x 12,$45.00,$11.36 / 1L,/shop/productdetails/1074049686/waves-caves-cola-330ml-x-12
1074049683,Waves & Caves Orangeade 330ml x 12,$45.00,$11.36 / 1L,/shop/productdetails/1074049683/waves-caves-orangeade-330ml-x-12
1073961476,Whittard of Chelsea Tea Discovery Earl Grey Pouch & Silver-plated Infuser 100g,$39.95,$39.95 / 100G,/shop/productdetails/1073961476/whittard-of-chelsea-tea-discovery-earl-grey-pouch-silver-plated-infuser-100g
1074049676,rok+ Sparkling Functional Drink Immunity 330ml x 8,$40.00,$15.15 / 1L,/shop/productdetails/1074049676/rok-sparkling-functional-drink-immunity-330ml-x-8
