96118,Woolworths Meat Pies 6 Pack,$5.70,$0.63 / 100G,/shop/productdetails/96118/woolworths-meat-pies
684415,Viennetta Streets Vanilla Ice Cream Dessert Cake 650ml,$8.00,$1.23 / 100ML,/shop/productdetails/684415/viennetta-streets-vanilla-ice-cream-dessert-cake
93915,Essentials Frozen Mixed Vegetables 1kg,$2.80,$2.80 / 1KG,/shop/productdetails/93915/essentials-frozen-mixed-vegetables
646082,Steggles Sweet Chilli Chicken Tenders 1kg,$13.50,$13.50 / 1KG,/shop/productdetails/646082/steggles-sweet-chilli-chicken-tenders
774411,Woolworths Chicken Breast Sweet Chilli Tenders 400g,$4.40,$11.00 / 1KG,/shop/productdetails/774411/woolworths-chicken-breast-sweet-chilli-tenders
768569,Woolworths Carrots Peas & Corn 1kg,$4.50,$4.50 / 1KG,/shop/productdetails/768569/woolworths-carrots-peas-corn
98299,Mccain Hash Browns Shredded 750g,N/A,N/A,/shop/productdetails/98299/mccain-hash-browns-shredded
229446,Ingham's Frozen Chicken Breast Tenders Sweet Chilli 400g,$5.50,$13.75 / 1KG,/shop/productdetails/229446/ingham-s-frozen-chicken-breast-tenders-sweet-chilli
211189,Heinz Steam Fresh Vegetables Frozen Broccoli Carrot Cauliflower 450g,$3.80,$8.44 / 1KG,/shop/productdetails/211189/heinz-steam-fresh-vegetables-frozen-broccoli-carrot-cauliflower
822845,Mccain Pub Style Extra Crispy Chips 750g,$4.80,$6.40 / 1KG,/shop/productdetails/822845/mccain-pub-style-extra-crispy-chips
141158,Weight Watchers Chicken & Mushroom Fettuccine 300g,$6.50,$2.17 / 100G,/shop/productdetails/141158/weight-watchers-chicken-mushroom-fettuccine-null
85804,Ingham's Chicken Breast Schnitzel 400g,$10.65,$26.63 / 1KG,/shop/productdetails/85804/ingham-s-chicken-breast-schnitzel
88281,Four'n Twenty Party Pies Frozen 12 Pack,$7.00,$1.17 / 100G,/shop/productdetails/88281/four-n-twenty-party-pies-frozen
260848,Heinz Steam Fresh Vegetables Frozen Veg Beans Broccoli Peas 450g,$3.80,$8.44 / 1KG,/shop/productdetails/260848/heinz-steam-fresh-vegetables-frozen-veg-beans-broccoli-peas
505304,Ingham's Frozen Chicken Breast Tenders Southern Style 400g,$5.50,$13.75 / 1KG,/shop/productdetails/505304/ingham-s-frozen-chicken-breast-tenders-southern-style
802639,Birds Eye Deli Roast Vegetables 600g,$7.00,$11.67 / 1KG,/shop/productdetails/802639/birds-eye-deli-roast-vegetables
117518,"Birds Eye Veggie Rice Carrot, Cauli & Broccoli 500g",$4.95,$9.90 / 1KG,/shop/productdetails/117518/birds-eye-veggie-rice-carrot-cauli-broccoli
260004,Woolworths Frozen Raspberries 500g,$7.00,$14.00 / 1KG,/shop/productdetails/260004/woolworths-frozen-raspberries
117711,Aussie Frozen Fruit 100% Australian Strawberries 400g,N/A,N/A,/shop/productdetails/117711/aussie-frozen-fruit-100-australian-strawberries
782977,Birds Eye Steam Fresh Peas Beans Broccoli Corn Mix 750g,$5.50,$7.33 / 1KG,/shop/productdetails/782977/birds-eye-steam-fresh-peas-beans-broccoli-corn-mix
77888,Patties Party Pies Frozen 12 Pack,$9.50,$1.70 / 100G,/shop/productdetails/77888/patties-party-pies-frozen
482773,Weight Watchers Creamy Tuna Bake Bowl 320g,$6.50,$2.03 / 100G,/shop/productdetails/482773/weight-watchers-creamy-tuna-bake-bowl-null
321236,Gelativo Mango Sorbet 1l,$6.00,$0.60 / 100ML,/shop/productdetails/321236/gelativo-mango-sorbet
140646,"Bulla Splits Multipack Raspberry, Mango & Lemon Lime 10 Pack",$6.00,$0.80 / 100ML,/shop/productdetails/140646/bulla-splits-multipack-raspberry-mango-lemon-lime
937543,Fry's Meat Free Schnitzels With Soy & Flaxseed 320g,$6.50,$2.03 / 100G,/shop/productdetails/937543/frys-meat-free-schnitzels-with-soy-flaxseed
224380,Weis Ice Cream & Fruit Bar Macadamia Mango Cream 70ml X 4 Pack,$7.50,$2.68 / 100ML,/shop/productdetails/224380/weis-ice-cream-fruit-bar-macadamia-mango-cream
183622,Woolworths Australian Beef Microwave Sausage Roll 175g,$2.20,$1.26 / 100G,/shop/productdetails/183622/woolworths-australian-beef-microwave-sausage-roll
228739,"Heinz Steam Fresh Vegetables Frozen Veg Broccoli, Carrots & Peas 450g",$3.80,$8.44 / 1KG,/shop/productdetails/228739/heinz-steam-fresh-vegetables-frozen-veg-broccoli-carrots-peas
749520,Linda Mccartney's Sausage Roll Vegetarian 6 Pack,$5.50,$1.61 / 100G,/shop/productdetails/749520/linda-mccartney-s-sausage-roll-vegetarian
61998,Woolworths Prep Set Go Diced Frozen Onions 500g,$2.70,$5.40 / 1KG,/shop/productdetails/61998/woolworths-prep-set-go-diced-frozen-onions
62825,Birds Eye Veggie Rice Broccoli & Cauli 500g,$4.95,$9.90 / 1KG,/shop/productdetails/62825/birds-eye-veggie-rice-broccoli-cauli
24940,Four'n Twenty Pies Meat 4 Pack,$8.50,$1.21 / 100G,/shop/productdetails/24940/four-n-twenty-pies-meat
96698,Essentials Frozen Straight Cut Potato Chips 1kg,N/A,N/A,/shop/productdetails/96698/essentials-frozen-straight-cut-potato-chips
635342,Simply Wize Gluten Free Spring Rolls 228g,$6.50,$2.85 / 100G,/shop/productdetails/635342/simply-wize-gluten-free-spring-rolls
705420,Dr. Oetker Ristorante Pizza Peperoni 310g,$6.50,$2.10 / 100G,/shop/productdetails/705420/dr-oetker-ristorante-pizza-peperoni
577912,Twisted Gluten Free Frozen Yoghurt Mini Multpack 4x120ml,$7.50,$1.56 / 100ML,/shop/productdetails/577912/twisted-gluten-free-frozen-yoghurt-mini-multpack
124184,Splice Streets Pine Lime Ice Cream 8 Pack,$9.00,$1.65 / 100ML,/shop/productdetails/124184/splice-streets-pine-lime-ice-cream
160000,Mrs Macs Giant Sausage Rolls 4 Pack,$7.50,$1.07 / 100G,/shop/productdetails/160000/mrs-macs-giant-sausage-rolls
772577,Ocean Chef Squid Salt & Pepper 360g,$6.00,$16.67 / 1KG,/shop/productdetails/772577/ocean-chef-squid-salt-pepper
162049,Herbert Adams Cream Cheese & Spinach Savoury Rolls 2 Pack,$4.80,$1.26 / 100G,/shop/productdetails/162049/herbert-adams-cream-cheese-spinach-savoury-rolls
111268,Ruffie Rustic Foods Plant Based Chicken-ie Schnitzel Frozen Meal 350g,$8.00,$2.29 / 100G,/shop/productdetails/111268/ruffie-rustic-foods-plant-based-chicken-ie-schnitzel-frozen-meal
691284,Birds Eye Deli Whiting Crisp Light Batter 250g,$10.00,$40.00 / 1KG,/shop/productdetails/691284/birds-eye-deli-whiting-crisp-light-batter
173697,Tegel Take Outs Louisiana Style Burger 600g,$14.00,$23.33 / 1KG,/shop/productdetails/173697/tegel-take-outs-louisiana-style-burger
768561,Woolworths Broccoli & Cauliflower 500g,$3.40,$6.80 / 1KG,/shop/productdetails/768561/woolworths-broccoli-cauliflower
772620,Ocean Chef Squid Rings Panko 360g,$6.00,$16.67 / 1KG,/shop/productdetails/772620/ocean-chef-squid-rings-panko
768583,Woolworths Brussels Sprouts 500g,$3.00,$6.00 / 1KG,/shop/productdetails/768583/woolworths-brussels-sprouts
662932,Mccain Superfries Steak Cut 900g,$4.50,$5.00 / 1KG,/shop/productdetails/662932/mccain-superfries-steak-cut
227461,Gelativo Sorbet Lemon Lime 1l,$6.00,$0.60 / 100ML,/shop/productdetails/227461/gelativo-sorbet-lemon-lime
54233,Mccain Mixed Vegetables Peas Corn & Carrot 500g,$4.00,$8.00 / 1KG,/shop/productdetails/54233/mccain-mixed-vegetables-peas-corn-carrot
768559,Woolworths Broccoli Florets 500g,$3.80,$7.60 / 1KG,/shop/productdetails/768559/woolworths-broccoli-florets
339262,Steggles Tempura Chicken Breast Nuggets 400g,$4.95,$12.38 / 1KG,/shop/productdetails/339262/steggles-tempura-chicken-breast-nuggets
178950,Weis Fruito Passionfruit Pineapple & Banana Ice Cream & Fruit Bar 4 Pack,$7.50,$2.68 / 100ML,/shop/productdetails/178950/weis-fruito-passionfruit-pineapple-banana-ice-cream-fruit-bar
768622,Birds Eye Stir Fry Oriental 850g,$5.50,$6.47 / 1KG,/shop/productdetails/768622/birds-eye-stir-fry-oriental
139658,Mccain Quick Cook Mini Smiles Crunchy 500g,N/A,N/A,/shop/productdetails/139658/mccain-quick-cook-mini-smiles-crunchy
132260,Woolworths Crumbed Chicken Breast Tenders 1kg,$11.00,$11.00 / 1KG,/shop/productdetails/132260/woolworths-crumbed-chicken-breast-tenders
215516,Marathon Puffy Dogs 600g,$8.60,$1.43 / 100G,/shop/productdetails/215516/marathon-puffy-dogs
54136,Woolworths Prep Set Go Pumpkin Chunks 500g,$4.00,$8.00 / 1KG,/shop/productdetails/54136/woolworths-prep-set-go-pumpkin-chunks
82597,Vegie Delights Plant Based Chicken-style Burgers 4 Pack,$7.00,$2.33 / 100G,/shop/productdetails/82597/vegie-delights-plant-based-chicken-style-burgers
802638,Birds Eye Veggie Rice Cauliflower 500g,$4.95,$9.90 / 1KG,/shop/productdetails/802638/birds-eye-veggie-rice-cauliflower
249351,Mccain Beer Batter Steakhouse Chips 750g,$5.30,$7.07 / 1KG,/shop/productdetails/249351/mccain-beer-batter-steakhouse-chips
662935,Mccain Superfries Crinkle Cut 900g,$4.50,$5.00 / 1KG,/shop/productdetails/662935/mccain-superfries-crinkle-cut
779251,Woolworths Frozen Meat Pies 4 Pack,$5.50,$0.79 / 100G,/shop/productdetails/779251/woolworths-frozen-meat-pies
752346,Birds Eye Deli Seasoned Chips Sea Salt & Rosemary 600g,$6.00,$10.00 / 1KG,/shop/productdetails/752346/birds-eye-deli-seasoned-chips-sea-salt-rosemary
18574,Mccain Peas Baby 500g,$3.90,$7.80 / 1KG,/shop/productdetails/18574/mccain-peas-baby
839429,Birds Eye Deli Seasoned Roast Potatoes Rosemary & Garlic 600g,N/A,N/A,/shop/productdetails/839429/birds-eye-deli-seasoned-roast-potatoes-rosemary-garlic
227460,Gelativo Sorbet Passionfruit 1l Tub,$6.00,$0.60 / 100ML,/shop/productdetails/227460/gelativo-sorbet-passionfruit
260007,Woolworths Frozen Blueberries 500g,$6.20,$12.40 / 1KG,/shop/productdetails/260007/woolworths-frozen-blueberries
40568,Streets Blue Ribbon Ice Cream 2l,$7.00,$0.35 / 100ML,/shop/productdetails/40568/streets-blue-ribbon-ice-cream-classic-vanilla-dessert-tub
705694,Birds Eye Stir Fry Mix Chinese 850g,$5.50,$6.47 / 1KG,/shop/productdetails/705694/birds-eye-stir-fry-mix-chinese
782978,"Birds Eye Steam Fresh In Cheese Sauce Broccoli, Cauliflower & Carrot 400g",$6.50,$16.25 / 1KG,/shop/productdetails/782978/birds-eye-steam-fresh-in-cheese-sauce-broccoli-cauliflower-carrot
728499,Dr. Oetker Ristorante Pizza Spinaci 390g,$6.50,$1.67 / 100G,/shop/productdetails/728499/dr-oetker-ristorante-pizza-spinaci
709005,Steggles Tempura Chicken Breast Pops 1kg,$11.50,$11.50 / 1KG,/shop/productdetails/709005/steggles-tempura-chicken-breast-pops
129039,Woolworths Australian Beer Batter Steakhouse Chips 750g,$4.20,$5.60 / 1KG,/shop/productdetails/129039/woolworths-australian-beer-batter-steakhouse-chips
383623,Steggles Chicken Pieces Flaming Wing Nibbles Spicy 1kg,$13.50,$13.50 / 1KG,/shop/productdetails/383623/steggles-chicken-pieces-flaming-wing-nibbles-spicy
71374,Tegel Take Outs Nashville Style Portions 1kg,$14.00,$14.00 / 1KG,/shop/productdetails/71374/tegel-take-outs-nashville-style-portions
71375,Tegel Take Outs Louisiana Style Portions 1kg,$14.00,$14.00 / 1KG,/shop/productdetails/71375/tegel-take-outs-louisiana-style-portions
508042,Woolworths Frozen Pizza Bbq Meat Lovers 500g,$5.00,$1.00 / 100G,/shop/productdetails/508042/woolworths-frozen-pizza-bbq-meat-lovers
40975,Bulla Splits Raspberry 10 Pack,$6.00,$0.80 / 100ML,/shop/productdetails/40975/bulla-splits-raspberry
221225,Katoomba Roti Bread 6 Pack,$4.50,$1.15 / 100G,/shop/productdetails/221225/katoomba-roti-bread
260010,Woolworths Frozen Mixed Berries 500g,$6.20,$12.40 / 1KG,/shop/productdetails/260010/woolworths-frozen-mixed-berries
374274,Woolworths Corn Cobs Australia 1kg,$4.50,$4.50 / 1KG,/shop/productdetails/374274/woolworths-corn-cobs-australia
586517,Woolworths Frozen Mixed Berries 1kg,$11.00,$11.00 / 1KG,/shop/productdetails/586517/woolworths-frozen-mixed-berries
180109,Birds Eye Potato Gems 900g,$6.50,$7.22 / 1KG,/shop/productdetails/180109/birds-eye-potato-gems
260900,Mccain Beer Batter Chips Shoestring 750g,N/A,N/A,/shop/productdetails/260900/mccain-beer-batter-chips-shoestring
744148,Mr Chen's Chive & Prawn Wonton 240g,$8.50,$3.54 / 100G,/shop/productdetails/744148/mr-chen-s-chive-prawn-wonton
94369,Steggles Southern Style Chicken Breast Burgers 360g,$6.00,$16.67 / 1KG,/shop/productdetails/94369/steggles-southern-style-chicken-breast-burgers
120138,Bell Farms Snap Frozen Winter Veggies 1kg,$4.20,$4.20 / 1KG,/shop/productdetails/120138/bell-farms-snap-frozen-winter-veggies
809199,Fry's Meat Free Family Sausage Rolls Frozen Meal 400g,$6.50,$1.63 / 100G,/shop/productdetails/809199/frys-meat-free-family-sausage-rolls-frozen-meal
329998,Herbert Adams Pies Creamy Chicken & Leek 2 Pack,$9.00,$2.14 / 100G,/shop/productdetails/329998/herbert-adams-pies-creamy-chicken-leek
46422,Birds Eye Stir Fry Mix Thai 500g,$4.50,$9.00 / 1KG,/shop/productdetails/46422/birds-eye-stir-fry-mix-thai
66955,Steggles Chicken Crumbed Nuggets 1kg,$12.00,$12.00 / 1KG,/shop/productdetails/66955/steggles-chicken-crumbed-nuggets
754170,Woolworths Peas 500g,$2.50,$5.00 / 1KG,/shop/productdetails/754170/woolworths-peas
161090,Harry Hoo & Co Chicken Spring Rolls 450g,$5.50,$1.22 / 100G,/shop/productdetails/161090/harry-hoo-co-chicken-spring-rolls
754169,Woolworths Frozen Australian Peas 1kg,$3.80,$3.80 / 1KG,/shop/productdetails/754169/woolworths-frozen-australian-peas
227091,Four'n Twenty Pies Beef & Cheese 700g,$8.50,$1.21 / 100G,/shop/productdetails/227091/four-n-twenty-pies-beef-cheese
662933,Mccain Superfries Straight Cut 900g,$4.50,$5.00 / 1KG,/shop/productdetails/662933/mccain-superfries-straight-cut
180081,Twisted Minis Frozen Yoghurt Dessert Assorted Flavours 4 Pack,$7.50,$1.56 / 100ML,/shop/productdetails/180081/twisted-minis-frozen-yoghurt-dessert-assorted-flavours
727050,Ocean Chef Usa Sea Scallops 425g,$26.50,$62.35 / 1KG,/shop/productdetails/727050/ocean-chef-usa-sea-scallops
768558,Woolworths Sliced Beans 500g,$2.80,$5.60 / 1KG,/shop/productdetails/768558/woolworths-sliced-beans
739139,Sara Lee Tiramisu 415g,$8.50,$2.05 / 100G,/shop/productdetails/739139/sara-lee-tiramisu
754183,Woolworths Australian Baby Peas 500g,$3.00,$6.00 / 1KG,/shop/productdetails/754183/woolworths-australian-baby-peas
97997,Essentials Crumbed Chicken Nuggets 500g,$3.50,$7.00 / 1KG,/shop/productdetails/97997/essentials-crumbed-chicken-nuggets
674710,Sealord Southern Blue Whiting Classic Crumb Bites 400g,$8.40,$21.00 / 1KG,/shop/productdetails/674710/sealord-southern-blue-whiting-classic-crumb-bites
338482,Birds Eye Southern Blue Whiting Original Crumb 425g,$8.00,$18.82 / 1KG,/shop/productdetails/338482/birds-eye-southern-blue-whiting-original-crumb
251465,Steggles Chicken Pieces Premium Breast Fingers 400g,$6.00,$15.00 / 1KG,/shop/productdetails/251465/steggles-chicken-pieces-premium-breast-fingers
228797,Birds Eye Golden Crunch Hash Browns 800g,N/A,N/A,/shop/productdetails/228797/birds-eye-golden-crunch-hash-browns
768570,Woolworths Corn Kernels 1kg,$4.50,$4.50 / 1KG,/shop/productdetails/768570/woolworths-corn-kernels
96845,Essentials Frozen Peas 1kg,$2.70,$2.70 / 1KG,/shop/productdetails/96845/essentials-frozen-peas
349163,Quorn Mince 300g,$7.00,$2.33 / 100G,/shop/productdetails/349163/quorn-mince-null
74424,Linda Mccartney's Sausages 270g,$5.50,$2.04 / 100G,/shop/productdetails/74424/linda-mccartney-s-sausages-null
143659,Sealord Fish Of The Day Whiting Classic Crumb Fillets 4 Pack,$7.50,$23.44 / 1KG,/shop/productdetails/143659/sealord-fish-of-the-day-whiting-classic-crumb-fillets
34936,Mccain Pub Style Fries 750g,N/A,N/A,/shop/productdetails/34936/mccain-pub-style-fries
54137,Woolworths Prep Set Go Sweet Potato Chunks 500g,$4.00,$8.00 / 1KG,/shop/productdetails/54137/woolworths-prep-set-go-sweet-potato-chunks
817055,Tilly's Chewy Gooey Choc Brownie Frozen Dessert 475ml,$6.50,$1.37 / 100ML,/shop/productdetails/817055/tilly-s-chewy-gooey-choc-brownie-frozen-dessert
429362,Bell Farms Frozen Chips Steak Cut 1kg,N/A,N/A,/shop/productdetails/429362/bell-farms-frozen-chips-steak-cut
768564,Woolworths Peas & Corn 500g,$3.00,$6.00 / 1KG,/shop/productdetails/768564/woolworths-peas-corn
173040,Borg's Traditional Puff Pastry 1.9kg,$8.50,$0.45 / 100G,/shop/productdetails/173040/borg-s-traditional-puff-pastry
821070,Woolworths Cheeseburger Flavoured Spring Rolls 6 Pack,$5.80,$2.42 / 100G,/shop/productdetails/821070/woolworths-cheeseburger-flavoured-spring-rolls
227273,Ingham's Frozen Airmazing Turkey Tenders 350g,$4.00,$11.43 / 1KG,/shop/productdetails/227273/ingham-s-frozen-airmazing-turkey-tenders
763596,Woolworths Pastry Shortcrust 1kg,$2.95,$0.30 / 100G,/shop/productdetails/763596/woolworths-pastry-shortcrust
768560,Woolworths Cauliflower Florets 500g,$3.00,$6.00 / 1KG,/shop/productdetails/768560/woolworths-cauliflower-florets
295282,Steggles Premium Chicken Nuggets 400g,$4.95,$12.38 / 1KG,/shop/productdetails/295282/steggles-premium-chicken-nuggets
169422,Spring Home Paratha Plain Roti 5 Pack,$3.50,$1.08 / 100G,/shop/productdetails/169422/spring-home-paratha-plain-roti
774412,Woolworths Chicken Breast Tempura Nuggets 400g,$4.40,$11.00 / 1KG,/shop/productdetails/774412/woolworths-chicken-breast-tempura-nuggets
178943,Bulla Splits Ice Cream Wildberry Orange Tropical 10 Pack,$6.00,$0.80 / 100ML,/shop/productdetails/178943/bulla-splits-ice-cream-wildberry-orange-tropical
248429,Herbert Adams Pies King Island Beef 2 Pack,$9.00,$2.14 / 100G,/shop/productdetails/248429/herbert-adams-pies-king-island-beef
180652,Birds Eye Golden Crunch Crinkle Cut Chips 900g,$5.80,$6.44 / 1KG,/shop/productdetails/180652/birds-eye-golden-crunch-crinkle-cut-chips
586516,Woolworths Frozen Blueberries 1kg,$11.00,$11.00 / 1KG,/shop/productdetails/586516/woolworths-frozen-blueberries
429267,Bell Farms Frozen Mash Potato 1kg,$4.50,$4.50 / 1KG,/shop/productdetails/429267/bell-farms-frozen-mash-potato
786301,Herbert Adams Pies Chunky Slow Cooked Beef 2 Pack,$9.00,$2.25 / 100G,/shop/productdetails/786301/herbert-adams-pies-chunky-slow-cooked-beef
136544,Mccain Rustica Sourdough Salami & Four Cheese Pizza 400g,$7.00,$1.75 / 100G,/shop/productdetails/136544/mccain-rustica-sourdough-salami-four-cheese-pizza
695489,Woolworths Chicken Satay & Rice 375g,$4.00,$1.07 / 100G,/shop/productdetails/695489/woolworths-chicken-satay-rice-null
786291,Herbert Adams Pies Slow Cooked Beef & Peppercorn 2 Pack,$9.00,$2.25 / 100G,/shop/productdetails/786291/herbert-adams-pies-slow-cooked-beef-peppercorn
574746,Quorn Vegan Nuggets 280g,$7.00,$2.50 / 100G,/shop/productdetails/574746/quorn-vegan-nuggets-null
32897,Pampas Shortcrust Pastry 5 Sheets 1kg,$5.20,$0.52 / 100G,/shop/productdetails/32897/pampas-shortcrust-pastry-5-sheets
639533,Essentials French Fries 1kg,N/A,N/A,/shop/productdetails/639533/essentials-french-fries
143661,Sealord Fish Of The Day Whiting Tempura Batter Fillets 4 Pack,$7.50,$25.00 / 1KG,/shop/productdetails/143661/sealord-fish-of-the-day-whiting-tempura-batter-fillets
658326,Umami Edamame Salad 200g,$2.50,$12.50 / 1KG,/shop/productdetails/658326/umami-edamame-salad
96336,Birds Eye Fish Fingers 1kg,$10.50,$10.50 / 1KG,/shop/productdetails/96336/birds-eye-fish-fingers
112273,Woolworths Choc Coated Vanilla Ice Cream Sticks 10 Pack,$3.50,$0.40 / 100ML,/shop/productdetails/112273/woolworths-choc-coated-vanilla-ice-cream-sticks
96844,Essentials Frozen Cut Green Beans 1kg,$2.80,$2.80 / 1KG,/shop/productdetails/96844/essentials-frozen-cut-green-beans
937534,Fry's Meat Free Nuggets With Rice Protein & Chia Frozen Meal 240g,$6.50,$2.71 / 100G,/shop/productdetails/937534/frys-meat-free-nuggets-with-rice-protein-chia-frozen-meal
683568,Bell Farms Waffle Cut Fries 750g,$3.30,$4.40 / 1KG,/shop/productdetails/683568/bell-farms-waffle-cut-fries
221498,Pie Society Plant Based Sausage Rolls 680g,$8.00,$1.18 / 100G,/shop/productdetails/221498/pie-society-plant-based-sausage-rolls
179560,Birds Eye Golden Crunch Straight Cut Chips 900g,$5.80,$6.44 / 1KG,/shop/productdetails/179560/birds-eye-golden-crunch-straight-cut-chips
571927,I&j Wild Caught Salt & Pepper Squid Bites Lightly Crumbed 360g,$8.00,$22.22 / 1KG,/shop/productdetails/571927/i-j-wild-caught-salt-pepper-squid-bites-lightly-crumbed
83512,Pampas Puff Pastry 10 Sheets 1.6kg,$7.30,$0.46 / 100G,/shop/productdetails/83512/pampas-puff-pastry-10-sheets
103541,Macro Organic Frozen Strawberries 450g,$8.80,$19.56 / 1KG,/shop/productdetails/103541/macro-organic-frozen-strawberries
96492,Pampas Puff Pastry 6 Sheets 1kg,$5.20,$0.52 / 100G,/shop/productdetails/96492/pampas-puff-pastry-6-sheets
221063,Essentials Frozen Crinkle Cut Chips 1kg,N/A,N/A,/shop/productdetails/221063/essentials-frozen-crinkle-cut-chips
716852,Quorn Pieces Frozen 300g,$7.00,$2.33 / 100G,/shop/productdetails/716852/quorn-pieces-frozen
817064,Tilly's Silky Salt Caramel Frozen Dessert 475ml,$6.50,$1.37 / 100ML,/shop/productdetails/817064/tilly-s-silky-salt-caramel-frozen-dessert
839440,Birds Eye Steam Potato & Broccoli 400g,$6.50,$16.25 / 1KG,/shop/productdetails/839440/birds-eye-steam-potato-broccoli
111658,Plantry Plant Based Food Pad Thai Frozen Meal 350g,$9.00,$2.57 / 100G,/shop/productdetails/111658/plantry-plant-based-food-pad-thai-frozen-meal
180752,"Birds Eye Steamfresh Carrot, Cauliflower & Broccoli 750g",$5.50,$7.33 / 1KG,/shop/productdetails/180752/birds-eye-steamfresh-carrot-cauliflower-broccoli
768582,Woolworths Baby Beans 500g,$3.10,$6.20 / 1KG,/shop/productdetails/768582/woolworths-baby-beans
752330,"Birds Eye Deli Seasoned Chips Parmesan, Garlic & Basil 600g",$6.00,$10.00 / 1KG,/shop/productdetails/752330/birds-eye-deli-seasoned-chips-parmesan-garlic-basil
139878,Vegie Delights Plant Based Not Burger 4 Pack,$7.00,$2.33 / 100G,/shop/productdetails/139878/vegie-delights-plant-based-not-burger
221025,Mrs Macs Microwave Beef Pie Frozen 175g,$3.20,$1.83 / 100G,/shop/productdetails/221025/mrs-macs-microwave-beef-pie-frozen
339271,Steggles Tempura Chicken Dino Snacks 400g,$6.00,$15.00 / 1KG,/shop/productdetails/339271/steggles-tempura-chicken-dino-snacks
227255,Ingham's Chicken Tenders Original 1kg,$13.00,$13.00 / 1KG,/shop/productdetails/227255/ingham-s-chicken-tenders-original
854298,Mccain Straight Sweet Potato Chips 750g,N/A,N/A,/shop/productdetails/854298/mccain-straight-sweet-potato-chips
248412,"Snickers Choc, Caramel & Peanut Frozen Dessert Bar 6 Pack",$6.50,$2.17 / 100ML,/shop/productdetails/248412/snickers-choc-caramel-peanut-frozen-dessert-bar
227153,Vegie Delights Tender Crumbed Schnitzel 300g,$7.00,$2.33 / 100G,/shop/productdetails/227153/vegie-delights-tender-crumbed-schnitzel-null
586851,Birds Eye Steam Fresh Potato Mash With Butter 400g,$6.50,$16.25 / 1KG,/shop/productdetails/586851/birds-eye-steam-fresh-potato-mash-with-butter
704125,Herbert Adams Pies Gourmet King Beef Frozen 12 Pack,$7.60,$1.81 / 100G,/shop/productdetails/704125/herbert-adams-pies-gourmet-king-beef-frozen
227382,Ingham's Sweet Chilli Chicken Tenders 1kg,$13.00,$13.00 / 1KG,/shop/productdetails/227382/ingham-s-sweet-chilli-chicken-tenders
112352,Mccain Pizza Slice Snacks Cheese & Bacon 2 Pack,$7.00,$1.17 / 100G,/shop/productdetails/112352/mccain-pizza-slice-snacks-cheese-bacon
768562,Woolworths Julienne Carrots 500g,$3.00,$6.00 / 1KG,/shop/productdetails/768562/woolworths-julienne-carrots
96206,Mccain Frozen Peas 500g,$3.30,$6.60 / 1KG,/shop/productdetails/96206/mccain-frozen-peas
219726,Strong Roots Proper Chips 650g,$6.50,$10.00 / 1KG,/shop/productdetails/219726/strong-roots-proper-chips
445352,Woolworths Frozen Basa Fillets 1kg,$8.00,$8.00 / 1KG,/shop/productdetails/445352/woolworths-frozen-basa-fillets
575585,Fry's Meat Free Quinoa & Brown Rice Protein Burgers Frozen Meal 320g,$6.50,$2.03 / 100G,/shop/productdetails/575585/frys-meat-free-quinoa-brown-rice-protein-burgers-frozen-meal
170572,National Pies Classic Beef Pie Single 180g,$3.40,$1.89 / 100G,/shop/productdetails/170572/national-pies-classic-beef-pie-single-null
794638,Ocean Chef Fish King Snapper Portions 1kg,$30.00,$30.00 / 1KG,/shop/productdetails/794638/ocean-chef-fish-king-snapper-portions
40960,Peters Original Neapolitan Ice Cream 2l,$5.50,$0.28 / 100ML,/shop/productdetails/40960/peters-original-neapolitan-ice-cream
252640,Mccain Pizza Meatlovers Bbq 500g,$6.80,$1.36 / 100G,/shop/productdetails/252640/mccain-pizza-meatlovers-bbq
42620,Bulla Vanilla Ice Cream 2l,$5.25,$0.26 / 100ML,/shop/productdetails/42620/bulla-vanilla-ice-cream
662124,Mccain Spinach & Ricotta Ravioli Healthy Choice Frozen Meal 350g,$5.00,$1.43 / 100G,/shop/productdetails/662124/mccain-spinach-ricotta-ravioli-healthy-choice-frozen-meal
115092,Birds Eye Deli Handcrafted Squid Strips Lightly Seasoned 225g,$10.00,$44.44 / 1KG,/shop/productdetails/115092/birds-eye-deli-handcrafted-squid-strips-lightly-seasoned
763094,Simply Wize Pastry Puff Gluten Free 540g,$9.00,$1.67 / 100G,/shop/productdetails/763094/simply-wize-pastry-puff-gluten-free
34673,Peters Original Vanilla 4l,$10.90,$0.27 / 100ML,/shop/productdetails/34673/peters-original-vanilla
766488,Borg's Spinach & Ricotta Pastizzis 625g,$6.50,$1.04 / 100G,/shop/productdetails/766488/borg-s-spinach-ricotta-pastizzis-null
532199,Creative Gourmet Frozen Banana Chunks 500g,$5.00,$10.00 / 1KG,/shop/productdetails/532199/creative-gourmet-frozen-banana-chunks
217969,"Birds Eye Snap Frozen Carrot, Cauliflower & Broccoli 1kg",$6.50,$6.50 / 1KG,/shop/productdetails/217969/birds-eye-snap-frozen-carrot-cauliflower-broccoli
90838,Mccain Corn Kernels 500g,$4.00,$8.00 / 1KG,/shop/productdetails/90838/mccain-corn-kernels
139734,Mccain Quick Cook Fries Shoestring Crunchy 750g,N/A,N/A,/shop/productdetails/139734/mccain-quick-cook-fries-shoestring-crunchy
949,Creative Gourmet Frozen Mango Chunks 500g,$6.00,$12.00 / 1KG,/shop/productdetails/949/creative-gourmet-frozen-mango-chunks
86945,Four'n Twenty Angus Aussie Beef Pies 4 Pack,$11.00,$1.57 / 100G,/shop/productdetails/86945/four-n-twenty-angus-aussie-beef-pies
169430,Golden Gaytime Streets Ice Cream Original Original 100ml X 4 Pack,$6.00,$1.50 / 100ML,/shop/productdetails/169430/golden-gaytime-streets-ice-cream-original-original
191043,Bulla Creamy Classics Ice Cream Vanilla 2l,$6.80,$0.34 / 100ML,/shop/productdetails/191043/bulla-creamy-classics-ice-cream-vanilla
682739,Birds Eye Golden Ale Chips 600g,$6.00,$10.00 / 1KG,/shop/productdetails/682739/birds-eye-golden-ale-chips
162738,The Real Yorkshire Pudding Co. Yorkshire Puddings 6 Pack,N/A,N/A,/shop/productdetails/162738/the-real-yorkshire-pudding-co-yorkshire-puddings
132573,Woolworths Oven Roasted Southern Style Wing Nibbles 1kg,$11.00,$11.00 / 1KG,/shop/productdetails/132573/woolworths-oven-roasted-southern-style-wing-nibbles
96190,Connoisseur Ice Cream Classic Vanilla 1l Tub,$9.00,$0.90 / 100ML,/shop/productdetails/96190/connoisseur-ice-cream-classic-vanilla
40518,Peters Original Vanilla Ice Cream 2l,$5.50,$0.28 / 100ML,/shop/productdetails/40518/peters-original-vanilla-ice-cream
750980,The Gozleme Brothers Feta & Spinach Gozleme 300g,$6.00,$2.00 / 100G,/shop/productdetails/750980/the-gozleme-brothers-feta-spinach-gozleme
54232,Mccain Mixed Vegetables Peas & Corn 500g,$4.00,$8.00 / 1KG,/shop/productdetails/54232/mccain-mixed-vegetables-peas-corn
3496,Mccain Pizza Slice Snacks Ham & Pineapple 2 Pack,$7.00,$1.17 / 100G,/shop/productdetails/3496/mccain-pizza-slice-snacks-ham-pineapple
48914,Marathon Asian Dim Sims 1.5kg,$10.50,$0.70 / 100G,/shop/productdetails/48914/marathon-asian-dim-sims
659358,Garlo's Beef Sausage Rolls 4 Pack,$9.90,$2.06 / 100G,/shop/productdetails/659358/garlo-s-beef-sausage-rolls
820796,Woolworths Frozen Mango 1kg,$9.90,$9.90 / 1KG,/shop/productdetails/820796/woolworths-frozen-mango
209215,Temptation Bakeries Quiche Petite Lorraine 300g,$7.50,$2.50 / 100G,/shop/productdetails/209215/temptation-bakeries-quiche-petite-lorraine-null
811474,Ocean Chef Salmon Portions Mediterranean Style 1kg,$29.50,$29.50 / 1KG,/shop/productdetails/811474/ocean-chef-salmon-portions-mediterranean-style
745513,Temptation Bakeries Petite Quiche 30 Pack,$10.00,$2.00 / 100G,/shop/productdetails/745513/temptation-bakeries-petite-quiche-null
160709,Mrs Macs Potato Top Beef Pies 4 Pack,$7.50,$0.99 / 100G,/shop/productdetails/160709/mrs-macs-potato-top-beef-pies
93371,Mccain Peas Baby 1kg,$6.60,$6.60 / 1KG,/shop/productdetails/93371/mccain-peas-baby
136890,Woolworths Truffle Arancini 225g,$7.20,$3.20 / 100G,/shop/productdetails/136890/woolworths-truffle-arancini
180227,Bulla Splits Summer Variety Sticks 10 Pack,$6.00,$0.80 / 100ML,/shop/productdetails/180227/bulla-splits-summer-variety-sticks
356078,Temptation Bakeries Quiche Tasty Cheese & Bacon 2 Pack,$5.00,$1.79 / 100G,/shop/productdetails/356078/temptation-bakeries-quiche-tasty-cheese-bacon
766402,Mrs Macs Pies Beef 700g,$7.50,$1.07 / 100G,/shop/productdetails/766402/mrs-macs-pies-beef
139610,Mccain Pizza Pocket Snacks Cheese & Bacon 4 Pack,$6.50,$1.63 / 100G,/shop/productdetails/139610/mccain-pizza-pocket-snacks-cheese-bacon
429361,Bell Farms French Fries 1kg,N/A,N/A,/shop/productdetails/429361/bell-farms-french-fries
96415,Mccain Supreme Pizza 500g,$6.80,$1.36 / 100G,/shop/productdetails/96415/mccain-supreme-pizza
705357,Dr. Oetker Ristorante Pizza Hawaiian 355g,$6.50,$1.83 / 100G,/shop/productdetails/705357/dr-oetker-ristorante-pizza-hawaiian
867684,"Snickers White Choc, Caramel & Peanut Frozen Dessert Bar 6 Pack",$6.50,$2.46 / 100ML,/shop/productdetails/867684/snickers-white-choc-caramel-peanut-frozen-dessert-bar
694859,Woolworths Butter Chicken & Rice 375g,$4.00,$1.07 / 100G,/shop/productdetails/694859/woolworths-butter-chicken-rice-null
95871,Mccain Mixed Vegetables Peas & Super Sweet Corn 1kg,$7.00,$7.00 / 1KG,/shop/productdetails/95871/mccain-mixed-vegetables-peas-super-sweet-corn
782326,Ocean Chef Salmon Parcels In Leek & Cheese Sauce 280g,$8.00,$28.57 / 1KG,/shop/productdetails/782326/ocean-chef-salmon-parcels-in-leek-cheese-sauce
94181,Steggles Garlic Chicken Breast Kiev 350g,$9.50,$27.14 / 1KG,/shop/productdetails/94181/steggles-garlic-chicken-breast-kiev-null
180309,Twisted Healthy Treats Licks 99% Sugar Free Rich Chocolate Sticks 4 Pack,$9.00,$2.81 / 100ML,/shop/productdetails/180309/twisted-healthy-treats-licks-99-sugar-free-rich-chocolate-sticks
74273,Woolworths Vanilla Ice Cream 2l,$4.50,$0.23 / 100ML,/shop/productdetails/74273/woolworths-vanilla-ice-cream
708918,On The Menu Lasagne Vegetable 260g,$4.50,$1.73 / 100G,/shop/productdetails/708918/on-the-menu-lasagne-vegetable-null
259674,Peters Drumstick Minis Ice Cream Vanilla 6 Pack,$9.50,$1.94 / 100ML,/shop/productdetails/259674/peters-drumstick-minis-ice-cream-vanilla
355490,Sealord Hoki Fillets Classic Crumb 480g,$9.00,$18.75 / 1KG,/shop/productdetails/355490/sealord-hoki-fillets-classic-crumb
249392,Temptation Bakeries Quiche Petite Cheese & Spinach 300g,$7.50,$2.50 / 100G,/shop/productdetails/249392/temptation-bakeries-quiche-petite-cheese-spinach
822847,Birds Eye Deli Sweet Potato Chips 600g,N/A,N/A,/shop/productdetails/822847/birds-eye-deli-sweet-potato-chips
782001,Ocean Chef Tuna Yellowfin Tuna Steaks 1kg,$30.00,$30.00 / 1KG,/shop/productdetails/782001/ocean-chef-tuna-yellowfin-tuna-steaks
822844,Quorn Garlic & Herb Fillets Frozen Meal 2 Pack,$7.00,$3.50 / 100G,/shop/productdetails/822844/quorn-garlic-herb-fillets-frozen-meal
508041,Woolworths Frozen Pizza Hawaiian 500g,$5.00,$1.00 / 100G,/shop/productdetails/508041/woolworths-frozen-pizza-hawaiian
663660,Dr. Oetker Ristorante Mozzarella Pizza Gluten Free 370g,$10.00,$2.70 / 100G,/shop/productdetails/663660/dr-oetker-ristorante-mozzarella-pizza-gluten-free
219725,Strong Roots Crispy Skinny Fries 750g,$6.50,$8.67 / 1KG,/shop/productdetails/219725/strong-roots-crispy-skinny-fries
733775,Woolworths Chicken Breast Crumbed Nuggets 400g,$4.40,$11.00 / 1KG,/shop/productdetails/733775/woolworths-chicken-breast-crumbed-nuggets
178458,Sealord Australian Hoki Wholemeal Crumb Wild Caught Fillets 300g,$9.00,$30.00 / 1KG,/shop/productdetails/178458/sealord-australian-hoki-wholemeal-crumb-wild-caught-fillets
179955,Woolworths Plantitude Chicken Free Sweet Chilli Tenders Mild 300g,$7.00,$2.33 / 100G,/shop/productdetails/179955/woolworths-plantitude-chicken-free-sweet-chilli-tenders-mild
219430,Strong Roots Sweet Potato Hash Brown 350g,$6.50,$18.57 / 1KG,/shop/productdetails/219430/strong-roots-sweet-potato-hash-brown
701102,Linda Mccartney's Veg Mozzarella Burger 2 Pack,$5.50,$2.42 / 100G,/shop/productdetails/701102/linda-mccartney-s-veg-mozzarella-burger-null
657086,Super Nature Wellness Bowl Chickpea Curry Quinoa & Rice Frozen Meal 350g,$7.50,$2.14 / 100G,/shop/productdetails/657086/super-nature-wellness-bowl-chickpea-curry-quinoa-rice-frozen-meal
86412,Bulla Ice Cream Vanilla 4l Tub,$10.00,$0.25 / 100ML,/shop/productdetails/86412/bulla-ice-cream-vanilla
830211,Woolworths Vanilla Ice Cream Sandwich 440ml 4 Pack,$3.20,$0.73 / 100ML,/shop/productdetails/830211/woolworths-vanilla-ice-cream-sandwich
12311,Sara Lee Ice Cream French Vanilla 1l Tub,$12.00,$1.20 / 100ML,/shop/productdetails/12311/sara-lee-ice-cream-french-vanilla
786269,Herbert Adams Pies Chunky Slow Cooked Beef & Mush 2 Pack,$9.00,$2.25 / 100G,/shop/productdetails/786269/herbert-adams-pies-chunky-slow-cooked-beef-mush
165907,Steggles Frozen Chicken Breast Nuggets Boosted With Veggies 400g,$7.00,$17.50 / 1KG,/shop/productdetails/165907/steggles-frozen-chicken-breast-nuggets-boosted-with-veggies
802663,Birds Eye Microwave Chips Crinkle 140g,$3.50,$25.00 / 1KG,/shop/productdetails/802663/birds-eye-microwave-chips-crinkle
815126,Macro Organic Frozen Blueberries 450g,$8.80,$19.56 / 1KG,/shop/productdetails/815126/macro-organic-frozen-blueberries
56012,On The Menu Beef Rissole Frozen Meal 320g,$7.00,$2.19 / 100G,/shop/productdetails/56012/on-the-menu-beef-rissole-frozen-meal
221825,Twisted Frozen Yoghurt Chocolate & Cookie 1l,$9.50,$0.95 / 100ML,/shop/productdetails/221825/twisted-frozen-yoghurt-chocolate-cookie
22239,Mccain Beans Baby 500g,$4.00,$8.00 / 1KG,/shop/productdetails/22239/mccain-beans-baby
815127,Macro Organic Frozen Raspberries 450g,$8.80,$19.56 / 1KG,/shop/productdetails/815127/macro-organic-frozen-raspberries
700546,Woolworths Frozen Fish Crumbed 1kg,$11.00,$11.00 / 1KG,/shop/productdetails/700546/woolworths-frozen-fish-crumbed
802660,Birds Eye Microwave Chips Shoestring 140g,N/A,N/A,/shop/productdetails/802660/birds-eye-microwave-chips-shoestring
203209,Potato Utopia Crispy Seasoned Fries 600g,$5.00,$8.33 / 1KG,/shop/productdetails/203209/potato-utopia-crispy-seasoned-fries
70787,Woolworths Spaghetti Bolognese Frozen Meal 375g,$4.00,$1.07 / 100G,/shop/productdetails/70787/woolworths-spaghetti-bolognese-frozen-meal
86469,Four'n Twenty Angus Beef & Pepper Pies 4 Pack,$11.00,$1.57 / 100G,/shop/productdetails/86469/four-n-twenty-angus-beef-pepper-pies
680602,"Herbert Adams Slow Cooked Beef, Caramelised Onion & Cabernet Sauvignon 2 Pack",$9.00,$2.25 / 100G,/shop/productdetails/680602/herbert-adams-slow-cooked-beef-caramelised-onion-cabernet-sauvignon
101599,Jase's Kitchen Gluten Free Spinach & Ricotta Rolls 2 Pack,$6.50,$2.50 / 100G,/shop/productdetails/101599/jase-s-kitchen-gluten-free-spinach-ricotta-rolls
187440,Bell Farms Crunchy Chips Frozen 1kg,$4.00,$4.00 / 1KG,/shop/productdetails/187440/bell-farms-crunchy-chips-frozen
136642,Mccain Rustica Sourdough Smoked Ham & Aged Cheddar Pizza 410g,$7.00,$1.71 / 100G,/shop/productdetails/136642/mccain-rustica-sourdough-smoked-ham-aged-cheddar-pizza
8052,Birds Eye Deli Roast Duck Fat Potatoes Fat 600g,$7.00,$11.67 / 1KG,/shop/productdetails/8052/birds-eye-deli-roast-duck-fat-potatoes-fat
777911,Woolworths Frozen Mango 500g,$6.20,$12.40 / 1KG,/shop/productdetails/777911/woolworths-frozen-mango
112492,Mccain Pizza Slice Snacks Meatlovers 2 Pack,$7.00,$1.17 / 100G,/shop/productdetails/112492/mccain-pizza-slice-snacks-meatlovers-meatlovers
318641,"Bulla Frozen Yoghurt Strawberry, Mango & Wildberry 8 Pack",$6.00,$1.27 / 100G,/shop/productdetails/318641/bulla-frozen-yoghurt-strawberry-mango-wildberry
142437,Pasta Italia Spinach & Ricotta Ravioli 400g,$6.00,$1.50 / 100G,/shop/productdetails/142437/pasta-italia-spinach-ricotta-ravioli-null
219431,Strong Roots Oven Baked Sweet Potato Fries 500g,$6.50,$13.00 / 1KG,/shop/productdetails/219431/strong-roots-oven-baked-sweet-potato-fries
763681,Ingham's Chicken Breast Schnitzel Gluten Free 400g,N/A,N/A,/shop/productdetails/763681/ingham-s-chicken-breast-schnitzel-gluten-free
137624,Woolworths Ruby Frozen Fruit Blend 500g,$6.20,$12.40 / 1KG,/shop/productdetails/137624/woolworths-ruby-frozen-fruit-blend
125189,Bell Farms Sweet Potato Chips 750g,N/A,N/A,/shop/productdetails/125189/bell-farms-sweet-potato-chips
355541,Sealord Hoki Fillets Tempura Battered 450g,$9.00,$20.00 / 1KG,/shop/productdetails/355541/sealord-hoki-fillets-tempura-battered
694853,Woolworths Beef Lasagne 375g,$4.00,$1.07 / 100G,/shop/productdetails/694853/woolworths-beef-lasagne-null
247937,Rani Superior Punjabi Samosas 6 Pack,$8.00,$1.78 / 100G,/shop/productdetails/247937/rani-superior-punjabi-samosas
789429,Birds Eye Deli New Zealand Whiting Salt & Pepper Crumb 250g,$10.00,$40.00 / 1KG,/shop/productdetails/789429/birds-eye-deli-new-zealand-whiting-salt-pepper-crumb
682829,"Birds Eye Snap Frozen Carrot Cauli, Beans & Broccoli 500g",$4.00,$8.00 / 1KG,/shop/productdetails/682829/birds-eye-snap-frozen-carrot-cauli-beans-broccoli
179265,Peters Original Twin Pole Pineapple & Raspberry 8 Pack,$8.00,$1.36 / 100ML,/shop/productdetails/179265/peters-original-twin-pole-pineapple-raspberry
141131,Strength Meals Co Pulled Beef Lasagne 350g,$9.50,$2.71 / 100G,/shop/productdetails/141131/strength-meals-co-pulled-beef-lasagne-null
59793,Chiko Original Rolls 4 Pack,$6.70,$1.03 / 100G,/shop/productdetails/59793/chiko-original-rolls
227138,Ingham's Tempura Style Nuggets 1kg,$13.00,$13.00 / 1KG,/shop/productdetails/227138/ingham-s-tempura-style-nuggets
215514,Sara Lee Ice Cream Indulgence Rocky Road Overload 1l Tub,$12.00,$1.20 / 100ML,/shop/productdetails/215514/sara-lee-ice-cream-indulgence-rocky-road-overload
252659,Borg's Shortcrust Pastry Value 1.7kg,$7.30,$0.43 / 100G,/shop/productdetails/252659/borg-s-shortcrust-pastry-value
7280,Peters Icy Pole Lemonade 8 Pack,$5.00,$0.83 / 100ML,/shop/productdetails/7280/peters-icy-pole-lemonade
220982,Four'n Twenty Traveller Hi Protein Beef Pie 160g,$3.00,$1.88 / 100G,/shop/productdetails/220982/four-n-twenty-traveller-hi-protein-beef-pie
413030,Sealord Gluten Free Hoki Fish Fillet Crumb 300g,$9.50,$3.17 / 100G,/shop/productdetails/413030/sealord-gluten-free-hoki-fish-fillet-crumb
445351,Woolworths Crumbed Prawn Cutlets 500g,$9.00,$18.00 / 1KG,/shop/productdetails/445351/woolworths-crumbed-prawn-cutlets
330933,Skinny Cow Ice Cream Sundae Double Choc Vanilla Caramel 4 Pack,$7.00,$1.03 / 100ML,/shop/productdetails/330933/skinny-cow-ice-cream-sundae-double-choc-vanilla-caramel
180592,Birds Eye Golden Crunch Thin & Crispy Chips 900g,$5.80,$6.44 / 1KG,/shop/productdetails/180592/birds-eye-golden-crunch-thin-crispy-chips
940359,Super Nature Super Foods Sweet Potato Cottage Pie Frozen Meal 350g,$7.50,$2.14 / 100G,/shop/productdetails/940359/super-nature-super-foods-sweet-potato-cottage-pie-frozen-meal
763672,Ingham's Chicken Breast Tenders Gluten Free 400g,N/A,N/A,/shop/productdetails/763672/ingham-s-chicken-breast-tenders-gluten-free
48387,Peters Drumstick Ice Cream Vanilla 4 Pack,$9.50,$2.00 / 100ML,/shop/productdetails/48387/peters-drumstick-ice-cream-vanilla
210776,Sambazon Berry Bliss Acai Bowl 173g,$6.00,$34.68 / 1KG,/shop/productdetails/210776/sambazon-berry-bliss-acai-bowl
279664,Bulla Mini Frozen Yoghurt Assorted Flavours 14 Pack,$6.00,$1.19 / 100G,/shop/productdetails/279664/bulla-mini-frozen-yoghurt-assorted-flavours
815129,Macro Organic Frozen Mixed Berries 450g,$8.80,$19.56 / 1KG,/shop/productdetails/815129/macro-organic-frozen-mixed-berries
179958,Woolworths Chicken Breast Sweet Chilli Tenders 1kg,N/A,N/A,/shop/productdetails/179958/woolworths-chicken-breast-sweet-chilli-tenders
96406,Mccain Pizza Ham & Pineapple 500g,$6.80,$1.36 / 100G,/shop/productdetails/96406/mccain-pizza-ham-pineapple
27756,Essentials Beef Lasagne 400g,$3.00,$0.75 / 100G,/shop/productdetails/27756/essentials-beef-lasagne-null
658298,Umami Edamame Seasoned Baby Soy Beans 400g,$2.90,$7.25 / 1KG,/shop/productdetails/658298/umami-edamame-seasoned-baby-soy-beans
203570,Birds Eye Frozen Southern Blue Whiting In Original Crumb 14 Pack,$16.50,$16.50 / 1KG,/shop/productdetails/203570/birds-eye-frozen-southern-blue-whiting-in-original-crumb
759359,Borg's Pastry Puff 6 Sheets 1kg,$5.20,$0.52 / 100G,/shop/productdetails/759359/borg-s-pastry-puff-6-sheets
96328,Peters Frosty Fruits Tropical 8 Pack,$8.00,$1.33 / 100ML,/shop/productdetails/96328/peters-frosty-fruits-tropical
782979,"Birds Eye Snap Frozen Baby Beans, Carrot Corn & Brocoli 1kg",$6.50,$6.50 / 1KG,/shop/productdetails/782979/birds-eye-snap-frozen-baby-beans-carrot-corn-brocoli
93831,Mccain Pizza Cheese & Bacon 500g,$6.80,$1.36 / 100G,/shop/productdetails/93831/mccain-pizza-cheese-bacon
544364,Annabel Karmel Bolognese Pasta Bake Frozen Meal 200g,$3.90,$1.95 / 100G,/shop/productdetails/544364/annabel-karmel-bolognese-pasta-bake-frozen-meal
173140,Mccain Pizza Margherita 500g,$6.80,$1.36 / 100G,/shop/productdetails/173140/mccain-pizza-margherita
60180,Mr Chen's Vegetable Gyoza 600g,$9.00,$1.50 / 100G,/shop/productdetails/60180/mr-chen-s-vegetable-gyoza
708965,On The Menu Three Cheese Macaroni 260g,$4.50,$1.73 / 100G,/shop/productdetails/708965/on-the-menu-three-cheese-macaroni-null
532343,Creative Gourmet Frozen Pineapple Pieces 500g,$6.00,$12.00 / 1KG,/shop/productdetails/532343/creative-gourmet-frozen-pineapple-pieces
733157,Papa Giuseppi's Panini Tomato & Cheese 250g 2 Pack,$5.50,$2.20 / 100G,/shop/productdetails/733157/papa-giuseppi-s-panini-tomato-cheese
682383,Woolworths Peppermint Chocolate Flakes Ice Cream Sandwich 4 Pack,$3.20,$0.73 / 100ML,/shop/productdetails/682383/woolworths-peppermint-chocolate-flakes-ice-cream-sandwich
730629,Bulla Icy Pops Lemonade Raspberry & Cola 10 Pack,$4.25,$0.61 / 100ML,/shop/productdetails/730629/bulla-icy-pops-lemonade-raspberry-cola
139518,Mccain Quick Cook Fries Straight Cut Crunchy 750g,$4.20,$5.60 / 1KG,/shop/productdetails/139518/mccain-quick-cook-fries-straight-cut-crunchy
83187,Della Rosa Stone Baked 3 Cheese Pizza Pack 900g,$9.60,$1.07 / 100G,/shop/productdetails/83187/della-rosa-stone-baked-3-cheese-pizza-pack
96216,Birds Eye Peas Garden Field Fresh 1kg,$5.00,$5.00 / 1KG,/shop/productdetails/96216/birds-eye-peas-garden-field-fresh
708952,On The Menu Lasagne Beef 260g,$4.50,$1.73 / 100G,/shop/productdetails/708952/on-the-menu-lasagne-beef-null
210665,Sambazon Amazon Superberry Acai Bowl 173g,$6.00,$34.68 / 1KG,/shop/productdetails/210665/sambazon-amazon-superberry-acai-bowl
705695,"Birds Eye Snap Frozen Spring Green Mix Green Beans, Peas & Broccoli 1kg",$6.50,$6.50 / 1KG,/shop/productdetails/705695/birds-eye-snap-frozen-spring-green-mix-green-beans-peas-broccoli
54135,Macro Organic Cut Green Beans 450g,$2.50,$5.56 / 1KG,/shop/productdetails/54135/macro-organic-cut-green-beans
815730,Peters Frosty Fruits Watermelon 8 Pack,$8.00,$1.54 / 100ML,/shop/productdetails/815730/peters-frosty-fruits-watermelon
179710,Heinz Broccoli Fries 400g,$6.00,$1.50 / 100G,/shop/productdetails/179710/heinz-broccoli-fries
800706,Nanna's Multipack Pies & Desserts Apple Pie 4 Pack,$4.00,$0.89 / 100G,/shop/productdetails/800706/nanna-s-multipack-pies-desserts-apple-pie
279904,Calippo Streets Mini Water Ice Block Raspberry Pineapple 10 Pack,$9.00,$1.57 / 100ML,/shop/productdetails/279904/calippo-streets-mini-water-ice-block-raspberry-pineapple
544693,Annabel Karmel Butter Chicken & Rice Frozen Meal 200g,$3.90,$1.95 / 100G,/shop/productdetails/544693/annabel-karmel-butter-chicken-rice-frozen-meal
56919,La Gina Woodfired Pumpkin Mozzarella & Feta Italian Pizza 405g,$7.50,$1.85 / 100G,/shop/productdetails/56919/la-gina-woodfired-pumpkin-mozzarella-feta-italian-pizza
250693,Rani Superior Cocktail Samosas 24 Pieces 216g,$6.00,$2.78 / 100G,/shop/productdetails/250693/rani-superior-cocktail-samosas-24-pieces
567279,Sealord Dory Classic Crumb Fillets 4 Pack,$7.50,$23.44 / 1KG,/shop/productdetails/567279/sealord-dory-classic-crumb-fillets
262490,Ingham's Crumbed Chicken Breast Nuggets 400g,$5.50,$13.75 / 1KG,/shop/productdetails/262490/ingham-s-crumbed-chicken-breast-nuggets
120139,Bell Farms Snap Frozen Broccoli Florets 500g,$3.20,$6.40 / 1KG,/shop/productdetails/120139/bell-farms-snap-frozen-broccoli-florets
161872,Pie Society Meatless Classic Cottage Pies 2 Pack,$8.00,$1.38 / 100G,/shop/productdetails/161872/pie-society-meatless-classic-cottage-pies
136887,Woolworths Truffle Polenta Chip 250g,$7.20,$2.88 / 100G,/shop/productdetails/136887/woolworths-truffle-polenta-chip
37772,Four'n Twenty Pies Chicken & Vegetable 4 Pack,$8.50,$1.21 / 100G,/shop/productdetails/37772/four-n-twenty-pies-chicken-vegetable
178457,Sealord Australian Hoki Parmesan & Rosemary Ciabatta Crumb 300g,$9.00,$30.00 / 1KG,/shop/productdetails/178457/sealord-australian-hoki-parmesan-rosemary-ciabatta-crumb
777912,Woolworths Frozen Pitted Cherries 500g,$6.20,$12.40 / 1KG,/shop/productdetails/777912/woolworths-frozen-pitted-cherries
684,Blue Ribbon Streets Light Vanilla Reduced Fat Ice Cream Dessert Tub 2l,$7.00,$0.35 / 100ML,/shop/productdetails/684/blue-ribbon-streets-light-vanilla-reduced-fat-ice-cream-dessert-tub
249382,Birds Eye Snap Frozen Garden Mix Carrot Beans Brocoli Cauli Capsicum 1kg,$6.50,$6.50 / 1KG,/shop/productdetails/249382/birds-eye-snap-frozen-garden-mix-carrot-beans-brocoli-cauli-capsicum
178418,Sealord Australian Hoki Fish Bites Classic Crumb 400g,$8.40,$21.00 / 1KG,/shop/productdetails/178418/sealord-australian-hoki-fish-bites-classic-crumb
226883,Steggles Chicken Rings Crumbed Frozen 400g,$4.95,$12.38 / 1KG,/shop/productdetails/226883/steggles-chicken-rings-crumbed-frozen
679366,Mccain Pub Size Chicken Kiev Frozen Meal 480g,$7.50,$1.56 / 100G,/shop/productdetails/679366/mccain-pub-size-chicken-kiev-frozen-meal
225609,Ingham's Frozen Turkey Breast Crumbed Nuggets 600g,$14.00,$23.33 / 1KG,/shop/productdetails/225609/ingham-s-frozen-turkey-breast-crumbed-nuggets
817102,Mccain Pub Size Chicken Bacon Bake Frozen Meal 480g,$7.50,$1.56 / 100G,/shop/productdetails/817102/mccain-pub-size-chicken-bacon-bake-frozen-meal
141093,Strength Meals Co Satay Chicken 350g,$9.50,$2.71 / 100G,/shop/productdetails/141093/strength-meals-co-satay-chicken-null
830212,Woolworths Cookies & Cream Ice Cream Sandwich 4 Pack,N/A,N/A,/shop/productdetails/830212/woolworths-cookies-cream-ice-cream-sandwich
140499,Woolworths Prep Set Go Frozen Steamed Carrot Corn & Broccoli 450g,$4.00,$8.89 / 1KG,/shop/productdetails/140499/woolworths-prep-set-go-frozen-steamed-carrot-corn-broccoli
203424,Potato Utopia Four Cheese Potato Gratin 400g,$4.80,$12.00 / 1KG,/shop/productdetails/203424/potato-utopia-four-cheese-potato-gratin
137825,Woolworths Summer Frozen Fruit Blend 500g,$3.10,$6.20 / 1KG,/shop/productdetails/137825/woolworths-summer-frozen-fruit-blend
7282,Peters Drumstick Super Chocolate 4 Pack,$9.50,$2.00 / 100ML,/shop/productdetails/7282/peters-drumstick-super-chocolate
823887,Gelativo Gelato Coffee 1l Tub,$6.00,$0.60 / 100ML,/shop/productdetails/823887/gelativo-gelato-coffee
792234,Woolworths Ice Cream Cones Caramel 475ml,$3.90,$0.82 / 100ML,/shop/productdetails/792234/woolworths-ice-cream-cones-caramel
792233,Woolworths Ice Cream Cones Vanilla 4 Pack,$3.90,$0.82 / 100ML,/shop/productdetails/792233/woolworths-ice-cream-cones-vanilla
199982,Paddle Pop Water Ice Cyclone 8 Pack,$9.00,$1.31 / 100ML,/shop/productdetails/199982/paddle-pop-water-ice-cyclone
247887,Mars Choc & Caramel Frozen Dessert Bar 6 Pack,$6.50,$2.20 / 100ML,/shop/productdetails/247887/mars-choc-caramel-frozen-dessert-bar
263645,Sara Lee Strawberry Cheesecake 410g,$8.50,$2.07 / 100G,/shop/productdetails/263645/sara-lee-strawberry-cheesecake
191772,Peters Drumstick Plant Based Classic Vanilla Cones 4 Pack,$9.50,$2.00 / 100ML,/shop/productdetails/191772/peters-drumstick-plant-based-classic-vanilla-cones
186658,"Birds Eye Ocean Selections Raw Prawns Frozen, Peeled & Tail Off 500g",$24.00,$48.00 / 1KG,/shop/productdetails/186658/birds-eye-ocean-selections-raw-prawns-frozen-peeled-tail-off
706960,Heinz Frozen Broad Beans 500g,$2.70,$5.40 / 1KG,/shop/productdetails/706960/heinz-frozen-broad-beans-broad
246847,Twisted Frozen Yoghurt Raspberry & White Chocolate 1l,$9.50,$0.95 / 100ML,/shop/productdetails/246847/twisted-frozen-yoghurt-raspberry-white-chocolate
700541,Woolworths Fish Fillets Crumbed 425g,$5.00,$11.76 / 1KG,/shop/productdetails/700541/woolworths-fish-fillets-crumbed
140498,Woolworths Prep Set Go Frozen Steamed Carrot Broccoli & Cauliflower 450g,N/A,N/A,/shop/productdetails/140498/woolworths-prep-set-go-frozen-steamed-carrot-broccoli-cauliflower
113129,Earth Plant Based Meat Free Lasagne 350g,$8.80,$2.51 / 100G,/shop/productdetails/113129/earth-plant-based-meat-free-lasagne-null
203425,Potato Utopia Rustic Skin On Fries 600g,$5.00,$8.33 / 1KG,/shop/productdetails/203425/potato-utopia-rustic-skin-on-fries
544368,Annabel Karmel Veggie Pasta Bake Frozen Meal 200g,$3.90,$1.95 / 100G,/shop/productdetails/544368/annabel-karmel-veggie-pasta-bake-frozen-meal
106503,Paddle Pop Streets Rainbow Ice Cream 68ml X 8 Pack,$7.00,$1.29 / 100ML,/shop/productdetails/106503/paddle-pop-streets-rainbow-ice-cream
763609,National Pies Curried Chicken Pie Single 180g,$3.40,$1.89 / 100G,/shop/productdetails/763609/national-pies-curried-chicken-pie-single
137622,Woolworths Mini Variety Pack Classic Flavous Ice Cream Sticks 12 Pack,$6.50,$1.08 / 100ML,/shop/productdetails/137622/woolworths-mini-variety-pack-classic-flavous-ice-cream-sticks
544365,Annabel Karmel Cottage Pie 200g,$3.90,$1.95 / 100G,/shop/productdetails/544365/annabel-karmel-cottage-pie-null
536096,Bell Farms Salted Edamame 400g,$2.80,$7.00 / 1KG,/shop/productdetails/536096/bell-farms-salted-edamame
89994,Mccain Tuna Mornay Frozen Meal 400g,$5.60,$1.40 / 100G,/shop/productdetails/89994/mccain-tuna-mornay-frozen-meal
730437,Ingham's Free Range Chicken Tenderloins Sweet Chilli Frozen 350g,$10.65,$30.43 / 1KG,/shop/productdetails/730437/ingham-s-free-range-chicken-tenderloins-sweet-chilli-frozen
16536,Mccain Straight Cut Healthy Choice 1kg,$5.50,$5.50 / 1KG,/shop/productdetails/16536/mccain-straight-cut-healthy-choice
792235,Woolworths Ice Cream Cones Boysenberry 475ml,$3.90,$0.82 / 100ML,/shop/productdetails/792235/woolworths-ice-cream-cones-boysenberry
178455,Sealord Australian Hoki Three Seed Crumb Wild Caught Fillets 300g,$9.00,$30.00 / 1KG,/shop/productdetails/178455/sealord-australian-hoki-three-seed-crumb-wild-caught-fillets
81977,Della Rosa Bbq Meatlovers Family Pizza 500g,$6.50,$1.30 / 100G,/shop/productdetails/81977/della-rosa-bbq-meatlovers-family-pizza
103716,Devour Parmesan Crusted Tuna Melt Pasta Frozen 400g,$8.00,$2.00 / 100G,/shop/productdetails/103716/devour-parmesan-crusted-tuna-melt-pasta-frozen
191046,Bulla Creamy Classics Ice Cream Cookies & Cream 2l Tub,$6.80,$0.34 / 100ML,/shop/productdetails/191046/bulla-creamy-classics-ice-cream-cookies-cream
227176,Ingham's Chicken Nuggets Original 1kg,$13.00,$13.00 / 1KG,/shop/productdetails/227176/ingham-s-chicken-nuggets-original
121116,Peters Lactose Free Vanilla Tub 1.2l,$9.00,$0.75 / 100ML,/shop/productdetails/121116/peters-lactose-free-vanilla-tub
178453,Sealord Australian Hoki Thai Lime & Coconut Crumb Fish Fillets 300g,$9.00,$30.00 / 1KG,/shop/productdetails/178453/sealord-australian-hoki-thai-lime-coconut-crumb-fish-fillets
120140,Bell Farms Snap Frozen Cauliflower Florets 500g,$3.00,$6.00 / 1KG,/shop/productdetails/120140/bell-farms-snap-frozen-cauliflower-florets
107082,Paddle Pop Streets Chocolate Ice Cream 68ml X 8 Pack,$7.00,$1.29 / 100ML,/shop/productdetails/107082/paddle-pop-streets-chocolate-ice-cream
754181,Woolworths Australian Baby Peas 1kg,N/A,N/A,/shop/productdetails/754181/woolworths-australian-baby-peas
134509,Della Rosa Double Pepperoni Pizza 500g,$6.50,$1.30 / 100G,/shop/productdetails/134509/della-rosa-double-pepperoni-pizza
71227,Tegel Take Outs Louisiana Style Chicken Tenders 500g,$15.00,,/shop/productdetails/71227/tegel-take-outs-louisiana-style-chicken-tenders
657183,Super Nature Wellness Bowl Wholegrain Butter Chicken Frozen Meal 350g,$7.50,$2.14 / 100G,/shop/productdetails/657183/super-nature-wellness-bowl-wholegrain-butter-chicken-frozen-meal
9660,Mccain Lil Pizzas Snacks Ham & Cheese 4 Pack,$7.80,$1.95 / 100G,/shop/productdetails/9660/mccain-lil-pizzas-snacks-ham-cheese
126976,Lucky Kitchen Vegie Gyoza 750g,$10.50,$1.40 / 100G,/shop/productdetails/126976/lucky-kitchen-vegie-gyoza-vegie-gyoza
3408,Mccain Frozen Pizza Slices Supreme 600g,$7.00,$1.17 / 100G,/shop/productdetails/3408/mccain-frozen-pizza-slices-supreme
544369,Annabel Karmel Spaghetti & Meatballs 200g,$3.90,$1.95 / 100G,/shop/productdetails/544369/annabel-karmel-spaghetti-meatballs-null
574785,Super Nature Super Foods Mediterranean Polenta Frozen Meal 350g,$7.50,$2.14 / 100G,/shop/productdetails/574785/super-nature-super-foods-mediterranean-polenta-frozen-meal
122182,Ingham's Buffalo Chicken Wing Dings 1kg,$13.00,$13.00 / 1KG,/shop/productdetails/122182/ingham-s-buffalo-chicken-wing-dings
179039,Peters Drumstick Ice Cream Boysenberry Swirl 4 Pack,$9.50,$2.00 / 100ML,/shop/productdetails/179039/peters-drumstick-ice-cream-boysenberry-swirl
259540,Ho Mai Asian Entertainer Pack 1kg,$10.00,$1.00 / 100G,/shop/productdetails/259540/ho-mai-asian-entertainer-pack
733774,Woolworths Chicken Breast Garlic & Herb Kyiv 350g,$6.00,$17.14 / 1KG,/shop/productdetails/733774/woolworths-chicken-breast-garlic-herb-kyiv
225358,Mccain Quick Cook Hash Browns Crunchy 525g,$5.30,$10.10 / 1KG,/shop/productdetails/225358/mccain-quick-cook-hash-browns-crunchy
683567,Bell Farms Potato Gratin 4 Pack,N/A,N/A,/shop/productdetails/683567/bell-farms-potato-gratin
139066,Birds Eye Deli Hash Browns Sea Salt 500g,$6.50,$13.00 / 1KG,/shop/productdetails/139066/birds-eye-deli-hash-browns-sea-salt
137393,Woolworths Mozzarella Sticks 10 Pack,$5.80,$1.93 / 100G,/shop/productdetails/137393/woolworths-mozzarella-sticks
245442,Just Caught Crumbed Squid Rings 800g,$14.00,$17.50 / 1KG,/shop/productdetails/245442/just-caught-crumbed-squid-rings
680630,Herbert Adams Slow Cooked Beef With Shiraz & Cracked Pepper 2 Pack,$9.00,$2.25 / 100G,/shop/productdetails/680630/herbert-adams-slow-cooked-beef-with-shiraz-cracked-pepper
203749,I&j Wild Caught Salt & Pepper Squid Sticks Lightly Crumbed 800g,$10.50,$13.13 / 1KG,/shop/productdetails/203749/i-j-wild-caught-salt-pepper-squid-sticks-lightly-crumbed
370801,"Birds Eye Snap Frozen Peas, Corn & Capsicum 500g",$4.00,$8.00 / 1KG,/shop/productdetails/370801/birds-eye-snap-frozen-peas-corn-capsicum
330824,Peters Drumstick Chocolate Mint 4 Pack,$9.50,$2.00 / 100ML,/shop/productdetails/330824/peters-drumstick-chocolate-mint
132259,Woolworths Crumbed Chicken Breast Nuggets 1kg,$11.00,$11.00 / 1KG,/shop/productdetails/132259/woolworths-crumbed-chicken-breast-nuggets
203423,Potato Utopia Mashed Potato With Butter 460g,$3.90,$8.48 / 1KG,/shop/productdetails/203423/potato-utopia-mashed-potato-with-butter
544366,Annabel Karmel Mac & Cheese Pasta Frozen Meal 200g,$3.90,$1.95 / 100G,/shop/productdetails/544366/annabel-karmel-mac-cheese-pasta-frozen-meal
245544,Just Caught Classic Crumbed Whiting Fillets 800g,$14.00,$17.50 / 1KG,/shop/productdetails/245544/just-caught-classic-crumbed-whiting-fillets
96530,Sara Lee Butter Chocolate Cake 350g,$4.25,$1.21 / 100G,/shop/productdetails/96530/sara-lee-butter-chocolate-cake
939210,Keith's Foods Mozzarella Cheese Sticks 235g,$6.50,$2.77 / 100G,/shop/productdetails/939210/keith-s-foods-mozzarella-cheese-sticks
792236,Woolworths Ice Cream Cones Choc Mint 4 Pack,$3.90,$0.82 / 100ML,/shop/productdetails/792236/woolworths-ice-cream-cones-choc-mint
79509,Ingham's Crumbed Chicken Kiev Garlic Butter Frozen Meal 350g,$12.50,$35.71 / 1KG,/shop/productdetails/79509/ingham-s-crumbed-chicken-kiev-garlic-butter-frozen-meal
222580,Little Moons Passionfruit & Mango Mochi Bites 6 Pack,$8.00,$4.17 / 100G,/shop/productdetails/222580/little-moons-passionfruit-mango-mochi-bites
767778,Birds Eye Peas Baby Frozen 1kg,N/A,N/A,/shop/productdetails/767778/birds-eye-peas-baby-frozen
42601,Mccain Sliced Beans Sliced 500g,$4.00,$8.00 / 1KG,/shop/productdetails/42601/mccain-sliced-beans-sliced
140789,Strength Meals Co Butter Chicken 350g,$9.50,$2.71 / 100G,/shop/productdetails/140789/strength-meals-co-butter-chicken-null
881481,Peters Drumstick Mini Chocolate Caramel 6 Pack,$9.50,$1.98 / 100ML,/shop/productdetails/881481/peters-drumstick-mini-chocolate-caramel
822862,Birds Eye Baby Beans 1kg,$6.00,$6.00 / 1KG,/shop/productdetails/822862/birds-eye-baby-beans
780094,Oob Organic Frozen Strawberries 500g,$10.50,$21.00 / 1KG,/shop/productdetails/780094/oob-organic-frozen-strawberries
791490,Sealord Dory Fillets Tempura Batter 4 Pack,$7.50,$25.00 / 1KG,/shop/productdetails/791490/sealord-dory-fillets-tempura-batter
574780,On The Menu Beef Ragu Pappardelle Frozen Meal 260g,$4.50,$1.73 / 100G,/shop/productdetails/574780/on-the-menu-beef-ragu-pappardelle-frozen-meal
695479,Woolworths Chicken Korma & Rice 375g,$4.00,$1.07 / 100G,/shop/productdetails/695479/woolworths-chicken-korma-rice-null
706577,Amazonia Acai Energy Guarana Blend 100g X4 Pack,$5.50,$13.75 / 1KG,/shop/productdetails/706577/amazonia-acai-energy-guarana-blend
116982,Lean Cuisine Beef Stroganoff With Pasta Frozen Meal 280g,$5.60,$2.00 / 100G,/shop/productdetails/116982/lean-cuisine-beef-stroganoff-with-pasta-frozen-meal
838692,On The Menu Cottage Pie Frozen Meal 260g,$4.50,$1.73 / 100G,/shop/productdetails/838692/on-the-menu-cottage-pie-frozen-meal
210742,Plantry Plant Based Food Co Pad See Ew Meal 350g,$9.00,$2.57 / 100G,/shop/productdetails/210742/plantry-plant-based-food-co-pad-see-ew-meal
575573,Woolworths Garlic Chicken Bites 360g,$5.80,$1.61 / 100G,/shop/productdetails/575573/woolworths-garlic-chicken-bites
217200,Amazonia Acai Sorbet Original 500ml,N/A,N/A,/shop/productdetails/217200/amazonia-acai-sorbet-original
763595,Woolworths Apple Pie Snack 4 Pack,$3.60,$0.72 / 100G,/shop/productdetails/763595/woolworths-apple-pie-snack
103775,Jase's Kitchen Gluten Free Sausage Rolls 2 Pack,$6.50,$2.50 / 100G,/shop/productdetails/103775/jase-s-kitchen-gluten-free-sausage-rolls
54002,Mccain Pub Size Parma 480g,$7.50,$1.56 / 100G,/shop/productdetails/54002/mccain-pub-size-parma-frozen-meal
940341,Super Nature Split Pea & Lentil Dhal Frozen Meal 350g,$7.50,$2.14 / 100G,/shop/productdetails/940341/super-nature-split-pea-lentil-dhal-frozen-meal
219550,Sunny Queen Protein Bites Parmesan & Caramelised Onion Frozen 200g,$7.50,$3.75 / 100G,/shop/productdetails/219550/sunny-queen-protein-bites-parmesan-caramelised-onion-frozen
93756,Mccain Dinner Roast Lamb Frozen Meal 320g,$6.00,$1.88 / 100G,/shop/productdetails/93756/mccain-dinner-roast-lamb-frozen-meal
158311,Peters Drumstick Caramel 4 Pack,$9.50,$2.00 / 100ML,/shop/productdetails/158311/peters-drumstick-caramel
320693,Peters Drumstick Ice Cream Vanilla 16 Pack,$20.00,$1.05 / 100ML,/shop/productdetails/320693/peters-drumstick-ice-cream-vanilla
141143,Strength Meals Co Braised Beef Ragu 350g,$9.50,$2.71 / 100G,/shop/productdetails/141143/strength-meals-co-braised-beef-ragu-null
255445,"Birds Eye Snap Frozen Carrot, Peas & Corn 1kg",$6.50,$6.50 / 1KG,/shop/productdetails/255445/birds-eye-snap-frozen-carrot-peas-corn
330829,Peters Lifesavers Icy Poles Lifesavers 8 Pack,$8.00,$1.51 / 100ML,/shop/productdetails/330829/peters-lifesavers-icy-poles-lifesavers
248464,On The Menu Roast Chicken Rolls 179g,$5.50,$3.07 / 100G,/shop/productdetails/248464/on-the-menu-roast-chicken-rolls-null
939206,Keith's Foods Mini Dagwood Dogs 270g,$6.50,$2.41 / 100G,/shop/productdetails/939206/keith-s-foods-mini-dagwood-dogs
20122,On The Menu Ready Go Eat Burgers Cheese Frozen Meal 161g,$4.50,$2.80 / 100G,/shop/productdetails/20122/on-the-menu-ready-go-eat-burgers-cheese-frozen-meal
96318,Birds Eye Fish Fingers 375g,$6.30,$16.80 / 1KG,/shop/productdetails/96318/birds-eye-fish-fingers
369507,On The Menu Chicken Parmigiana Frozen Meal 320g,$7.00,$2.19 / 100G,/shop/productdetails/369507/on-the-menu-chicken-parmigiana-frozen-meal
12347,Sara Lee Ice Cream Classic Ultra Chocolate 1l Tub,$12.00,$1.20 / 100ML,/shop/productdetails/12347/sara-lee-ice-cream-classic-ultra-chocolate
229527,Woolworths Choc-nilla Ice Cream 2l,$4.50,$0.23 / 100ML,/shop/productdetails/229527/woolworths-choc-nilla-ice-cream
96215,Mccain Peas 1kg,$6.00,$6.00 / 1KG,/shop/productdetails/96215/mccain-peas
679345,Mccain Pub Size Bangers & Mash Frozen Meal 500g,$7.50,$1.50 / 100G,/shop/productdetails/679345/mccain-pub-size-bangers-mash-frozen-meal
761000,On The Menu Mixed Grill Frozen Meal 320g,$7.00,$2.19 / 100G,/shop/productdetails/761000/on-the-menu-mixed-grill-frozen-meal
217463,Pie Society Plant Based Party Pack 18 Pack,$11.50,$1.20 / 100G,/shop/productdetails/217463/pie-society-plant-based-party-pack
198643,Mccain Rustica Sourdough Pizza Roasted Mushroom & 3 Cheeses 400g,$7.00,$1.75 / 100G,/shop/productdetails/198643/mccain-rustica-sourdough-pizza-roasted-mushroom-3-cheeses
178454,Sealord Australian Hoki Japanese Style Tempura Batter 2 Pack,$9.00,$32.14 / 1KG,/shop/productdetails/178454/sealord-australian-hoki-japanese-style-tempura-batter
117042,Lean Cuisine Sundried Tomato & Chicken Pasta Frozen Meal 375g,$7.00,$1.87 / 100G,/shop/productdetails/117042/lean-cuisine-sundried-tomato-chicken-pasta-frozen-meal
489135,Woolworths Macaroni Cheese Balls 8 Pack,$5.80,$2.90 / 100G,/shop/productdetails/489135/woolworths-macaroni-cheese-balls
186654,Birds Eye Ocean Selections Barramundi Fish Fillet With Herb Salsa 2 Pack,N/A,N/A,/shop/productdetails/186654/birds-eye-ocean-selections-barramundi-fish-fillet-with-herb-salsa
817068,Mccain Pub Size Southern Style 480g,$7.50,$1.56 / 100G,/shop/productdetails/817068/mccain-pub-size-southern-style-chicken-frozen-meal
132261,Woolworths Crumbed Chicken Breast Fingers 1kg,$11.00,$11.00 / 1KG,/shop/productdetails/132261/woolworths-crumbed-chicken-breast-fingers
817503,Macro Organic Peas 450g,$5.00,$11.11 / 1KG,/shop/productdetails/817503/macro-organic-peas
482906,On The Menu Lamb Shank 320g,$7.00,$2.19 / 100G,/shop/productdetails/482906/on-the-menu-lamb-shank-null
51932,Peters Drumstick Mini Boysen Berry Swirl 6 Pack,$9.50,$1.98 / 100ML,/shop/productdetails/51932/peters-drumstick-mini-boysen-berry-swirl
63821,Proud & Punch Choc Banana Smoothie Pops 6 Pack,$6.00,$0.97 / 100ML,/shop/productdetails/63821/proud-punch-choc-banana-smoothie-pops
38910,Birds Eye Oven Bake Crumbed Lemon 425g,$8.00,$18.82 / 1KG,/shop/productdetails/38910/birds-eye-oven-bake-crumbed-lemon
141006,Woolworths Chicken Fettuccine Carbonara 375g,$4.00,$1.07 / 100G,/shop/productdetails/141006/woolworths-chicken-fettuccine-carbonara
244300,Just Caught Salt & Pepper Squid 800g,$14.00,$17.50 / 1KG,/shop/productdetails/244300/just-caught-salt-pepper-squid
120079,Peters No Sugar Added Vanilla Tub 1.2l,$8.00,$0.67 / 100ML,/shop/productdetails/120079/peters-no-sugar-added-vanilla-tub
680368,Creative Gourmet Frozen Passion Fruit Pulp 400g,$6.00,$15.00 / 1KG,/shop/productdetails/680368/creative-gourmet-frozen-passion-fruit-pulp
227292,Ingham's Frozen Airmazing Chicken Tenders Less Fat 400g,$7.00,$17.50 / 1KG,/shop/productdetails/227292/ingham-s-frozen-airmazing-chicken-tenders-less-fat
180022,Super Nature Wellness Bowl Mexican Chicken Burrito Frozen Meal 350g,$7.50,$2.14 / 100G,/shop/productdetails/180022/super-nature-wellness-bowl-mexican-chicken-burrito-frozen-meal
218829,Mrs Macs Brush & Bake Angus Roll 2 Pack,$7.50,$1.88 / 100G,/shop/productdetails/218829/mrs-macs-brush-bake-angus-roll
774413,Woolworths Chicken Breast Crunchy Bites 400g,$4.40,$11.00 / 1KG,/shop/productdetails/774413/woolworths-chicken-breast-crunchy-bites
691789,Dr. Oetker Papa Giuseppis Rising Stuffed Crust Pepperoni Pizza 470g,$7.00,$1.49 / 100G,/shop/productdetails/691789/dr-oetker-papa-giuseppis-rising-stuffed-crust-pepperoni-pizza
817501,Macro Organic Chopped Kale Portions 450g,$5.00,$11.11 / 1KG,/shop/productdetails/817501/macro-organic-chopped-kale-portions
355537,Sealord Hoki Fillets Lemon Pepper 480g,$9.00,$18.75 / 1KG,/shop/productdetails/355537/sealord-hoki-fillets-lemon-pepper
205735,Fropro Protein Pizza Pepperoni & Ham 325g,$12.00,$3.69 / 100G,/shop/productdetails/205735/fropro-protein-pizza-pepperoni-ham
246857,Connoisseur Rocky Road Ice Cream 4 Pack,$4.75,$1.19 / 100ML,/shop/productdetails/246857/connoisseur-rocky-road-ice-cream
162544,Hong Kong Dim Sim Kitchen Pork & Chive Dumplings 300g,$8.00,$2.67 / 100G,/shop/productdetails/162544/hong-kong-dim-sim-kitchen-pork-chive-dumplings
96708,Sara Lee Carrot Cake 400g,$4.25,$1.06 / 100G,/shop/productdetails/96708/sara-lee-carrot-cake
218387,"Reese's Nutrageous Peanut Butter, Peanuts, Chocolate & Caramel 1l",$9.00,$0.90 / 100ML,/shop/productdetails/218387/reese-s-nutrageous-peanut-butter-peanuts-chocolate-caramel
781541,Sara Lee Strawberries & Cream Ice Cream 1l,$12.00,$1.20 / 100ML,/shop/productdetails/781541/sara-lee-strawberries-cream-ice-cream
246896,Skinny Cow Vanilla Chocolate Ice Cream Sundae Cups 4 Pack,$7.00,$1.03 / 100ML,/shop/productdetails/246896/skinny-cow-vanilla-chocolate-ice-cream-sundae-cups
191048,Bulla Creamy Classics Ice Cream Rich Choc Chip 2l Tub,$6.80,$0.34 / 100ML,/shop/productdetails/191048/bulla-creamy-classics-ice-cream-rich-choc-chip
122672,Cadbury Dairy Milk Vanilla Sticks 4 Pack,$6.50,$1.81 / 100ML,/shop/productdetails/122672/cadbury-dairy-milk-vanilla-sticks
162538,Hong Kong Dim Sim Kitchen Pork Prawn & Mushroom Siu Mai 300g,$8.00,$2.67 / 100G,/shop/productdetails/162538/hong-kong-dim-sim-kitchen-pork-prawn-mushroom-siu-mai
20032,Sara Lee Sticky Date Pudding 475g,$8.50,$1.79 / 100G,/shop/productdetails/20032/sara-lee-sticky-date-pudding
129858,Sealord Frozen Fish Fingers Crunchy Crumb 15 Pack,$8.00,$20.00 / 1KG,/shop/productdetails/129858/sealord-frozen-fish-fingers-crunchy-crumb
70786,Woolworths Sweet Potato Cottage Pie Frozen Meal 375g,$4.00,$1.07 / 100G,/shop/productdetails/70786/woolworths-sweet-potato-cottage-pie-frozen-meal
485660,Magnum Ice Cream Classic Dessert Sticks 4 Pack 428ml,$10.50,$2.45 / 100ML,/shop/productdetails/485660/magnum-ice-cream-classic-dessert-sticks-4-pack
838678,On The Menu Chicken Fettucine Frozen Meal 260g,$4.50,$1.73 / 100G,/shop/productdetails/838678/on-the-menu-chicken-fettucine-frozen-meal
279782,Peters Maxibon Vanilla 4 Pack,$6.50,$1.16 / 100ML,/shop/productdetails/279782/peters-maxibon-vanilla
271210,Mccain Lil Pizzas Cheesy Vegemite 380g,$7.80,$2.05 / 100G,/shop/productdetails/271210/mccain-lil-pizzas-cheesy-vegemite
216915,Liz & Betty Finest Mini Pies Chicken Leek Thyme 200g,$10.00,$5.00 / 100G,/shop/productdetails/216915/liz-betty-finest-mini-pies-chicken-leek-thyme
266703,National Pies Chunky Beef Bacon & Cheese 180g,$3.40,$1.89 / 100G,/shop/productdetails/266703/national-pies-chunky-beef-bacon-cheese
93832,Birds Eye Corn Cobs Super Sweet 1kg,$6.00,$6.00 / 1KG,/shop/productdetails/93832/birds-eye-corn-cobs-super-sweet
759044,Woolworths Frozen Fish Fillets Battered 1kg,$11.00,$11.00 / 1KG,/shop/productdetails/759044/woolworths-frozen-fish-fillets-battered
140828,Woolworths Vegetable Pad Thai Frozen Meal 375g,$4.00,$1.07 / 100G,/shop/productdetails/140828/woolworths-vegetable-pad-thai-frozen-meal
761023,On The Menu Beef Lasagne 1kg,$9.50,$0.95 / 100G,/shop/productdetails/761023/on-the-menu-beef-lasagne-null
263636,Sara Lee French Cream Cheesecake 360g,$8.50,$2.36 / 100G,/shop/productdetails/263636/sara-lee-french-cream-cheesecake
231981,Peters Light & Creamy Classic Vanilla Ice Cream Slices 12 Pack,$9.00,$0.75 / 100ML,/shop/productdetails/231981/peters-light-creamy-classic-vanilla-ice-cream-slices
180582,Birds Eye Mashed Potato 800g,N/A,N/A,/shop/productdetails/180582/birds-eye-mashed-potato
947804,Farm Pride Frozen Egg Whites 950ml,$11.00,$1.16 / 100ML,/shop/productdetails/947804/farm-pride-frozen-egg-whites
369455,Mccain Healthy Choice Chinese Chicken Cashew Frozen Meal 280g,$5.00,$1.79 / 100G,/shop/productdetails/369455/mccain-healthy-choice-chinese-chicken-cashew-frozen-meal
259612,Bulla Creamy Classics Ice Cream Mint Choc Chip 2l Tub,$6.80,$0.34 / 100ML,/shop/productdetails/259612/bulla-creamy-classics-ice-cream-mint-choc-chip
311079,Mccain Healthy Choice Lemon Herb Chicken Frozen Meal 350g,$5.00,$1.43 / 100G,/shop/productdetails/311079/mccain-healthy-choice-lemon-herb-chicken-frozen-meal
690845,Mccain Gluten Free Potato Chips 750g,$5.00,$0.67 / 100G,/shop/productdetails/690845/mccain-gluten-free-potato-chips
482908,Super Nature Super Lunch Pad Thai Chicken 350g,$7.50,$2.14 / 100G,/shop/productdetails/482908/super-nature-super-lunch-pad-thai-chicken-null
37697,Bulla Real Dairy Chocolate Ice Cream 2l,$5.25,$0.26 / 100ML,/shop/productdetails/37697/bulla-real-dairy-chocolate-ice-cream
87572,Four'n Twenty Meat Free Pie 4 Pack,$11.00,$1.57 / 100G,/shop/productdetails/87572/four-n-twenty-meat-free-pie
146149,Juicies Tropical Frozen 10 Pack,$7.50,$0.75 / 100ML,/shop/productdetails/146149/juicies-tropical-frozen-dessert-sticks
369451,Mccain Healthy Choice Chicken Carbonara Frozen Meal 300g,$5.00,$1.67 / 100G,/shop/productdetails/369451/mccain-healthy-choice-chicken-carbonara-frozen-meal
780289,Birds Eye Deli Barramundi Crisp Light Batter 250g,N/A,N/A,/shop/productdetails/780289/birds-eye-deli-barramundi-crisp-light-batter
66170,Peters Original Neapolitan 4l,$10.90,$0.27 / 100ML,/shop/productdetails/66170/peters-original-neapolitan
219792,Sunny Queen Mini Fritters Corn & Zucchini Frozen 200g,$7.50,$3.75 / 100G,/shop/productdetails/219792/sunny-queen-mini-fritters-corn-zucchini-frozen
838679,On The Menu Chicken Kiev Frozen Meal 320g,$7.00,$2.19 / 100G,/shop/productdetails/838679/on-the-menu-chicken-kiev-frozen-meal
724747,Sara Lee Custard Danish 400g,$6.80,$1.70 / 100G,/shop/productdetails/724747/sara-lee-custard-danish
636654,Blue Ribbon Classic Chocolate Reduced Fat Ice Cream Dessert Tub 2l,$7.00,$0.35 / 100ML,/shop/productdetails/636654/blue-ribbon-classic-chocolate-reduced-fat-ice-cream-dessert-tub
186550,Pampas Puff Pastry Reduced Fat 1kg,$5.20,$0.52 / 100G,/shop/productdetails/186550/pampas-puff-pastry-reduced-fat
330839,Peters Light & Creamy French Vanilla Ice Cream 1.8l,$6.50,$0.36 / 100ML,/shop/productdetails/330839/peters-light-creamy-french-vanilla-ice-cream
135574,Della Rosa Bbq Bacon & Cheese Pizza Subs 600g,$5.70,$0.95 / 100G,/shop/productdetails/135574/della-rosa-bbq-bacon-cheese-pizza-subs
22497,Golden Wok Asian Mini Dim Sims 660g,$12.00,$1.82 / 100G,/shop/productdetails/22497/golden-wok-asian-mini-dim-sims
155237,Della Rosa Low Carb High Protein Pizza Base 250g,$4.50,$1.80 / 100G,/shop/productdetails/155237/della-rosa-low-carb-high-protein-pizza-base
728129,Mccain Ultra Thin Crust Pepperoni Pizza 310g,$9.00,$2.90 / 100G,/shop/productdetails/728129/mccain-ultra-thin-crust-pepperoni-pizza
45940,Birds Eye Oven Bake Lightly Battered Fish 6 Pack,$8.00,$18.82 / 1KG,/shop/productdetails/45940/birds-eye-oven-bake-lightly-battered-fish
56016,Super Nature Pulses Bowl Beef Lasagne 300g,$6.00,$2.00 / 100G,/shop/productdetails/56016/super-nature-pulses-bowl-beef-lasagne-null
70785,Chilli Con Carne 375g,$4.00,$1.07 / 100G,/shop/productdetails/70785/ww-chilli-con-carne-null
700545,Woolworths Battered Fish Fillets 425g,$5.00,$11.76 / 1KG,/shop/productdetails/700545/woolworths-battered-fish-fillets
187322,Birds Eye Ocean Selections Barramundi Moroccan Frozen Fish Fillets 4 Pack,N/A,N/A,/shop/productdetails/187322/birds-eye-ocean-selections-barramundi-moroccan-frozen-fish-fillets
221080,Fry's Plant-based Steak-style Meat Pies 2 Pack,$6.50,$1.86 / 100G,/shop/productdetails/221080/frys-plant-based-steak-style-meat-pies
950975,Woolworths French Style Cheesecake 450g,$4.30,$0.96 / 100G,/shop/productdetails/950975/woolworths-french-style-cheesecake
96822,Mccain Lasagne 400g,$5.60,$1.40 / 100G,/shop/productdetails/96822/mccain-lasagne-null
4961,Birds Eye Pommes Noisettes 350g,N/A,N/A,/shop/productdetails/4961/birds-eye-pommes-noisettes
739902,Nanna's Rhubarb & Apple Crumble 550g,$4.00,$0.73 / 100G,/shop/productdetails/739902/nanna-s-rhubarb-apple-crumble
178071,"Bubble O Bill Streets Ice Cream Sticks Chocolate,caramel & Strawberry 4 Pack",$10.00,$2.48 / 100ML,/shop/productdetails/178071/bubble-o-bill-streets-ice-cream-sticks-chocolate-caramel-strawberry
221002,Sunny Queen Omelette Roll Fetta & Spinach Frozen 120g,$4.00,$3.33 / 100G,/shop/productdetails/221002/sunny-queen-omelette-roll-fetta-spinach-frozen
160238,Golden Wok Diana Chan's Honey Soy Chicken Dumplings 230g,$8.50,$3.70 / 100G,/shop/productdetails/160238/golden-wok-diana-chan-s-honey-soy-chicken-dumplings
116711,Lean Cuisine Indian Butter Chicken With Rice Frozen Meal 375g,$7.00,$1.87 / 100G,/shop/productdetails/116711/lean-cuisine-indian-butter-chicken-with-rice-frozen-meal
141134,Strength Meals Co High Protein Italian Pork Pasta Meal 350g,$9.50,$2.71 / 100G,/shop/productdetails/141134/strength-meals-co-high-protein-italian-pork-pasta-meal
661424,Mccain Honey Stir Fry Chicken Healthy Choice Frozen Meal 330g,$5.00,$1.52 / 100G,/shop/productdetails/661424/mccain-honey-stir-fry-chicken-healthy-choice-frozen-meal
161882,Pie Society Meatless Classic Aussie Pies 2 Pack,$8.00,$2.00 / 100G,/shop/productdetails/161882/pie-society-meatless-classic-aussie-pies
124183,Woolworths Cheese & Bacon Pizza 500g,$5.00,$1.00 / 100G,/shop/productdetails/124183/woolworths-cheese-bacon-pizza
697972,Sealord Hoki Fillets Pub Style 450g,$9.00,$20.00 / 1KG,/shop/productdetails/697972/sealord-hoki-fillets-pub-style
160721,Vezla Foods Tequenos Cheese Sticks 8 Pack,$9.00,$2.50 / 100G,/shop/productdetails/160721/vezla-foods-tequenos-cheese-sticks
116878,Lean Cuisine Thai Green Chicken Curry With Rice Frozen Meal 280g,$5.60,$2.00 / 100G,/shop/productdetails/116878/lean-cuisine-thai-green-chicken-curry-with-rice-frozen-meal
37552,Nanna's Multipack Pies & Desserts Apple & Blackberry Pie 4 Pack,$4.00,$0.89 / 100G,/shop/productdetails/37552/nanna-s-multipack-pies-desserts-apple-blackberry-pie
296501,I&j Wild Caught Calamari Rings Lightly Crumbed 400g,$8.00,$20.00 / 1KG,/shop/productdetails/296501/i-j-wild-caught-calamari-rings-lightly-crumbed
164513,Hong Kong Dim Sim Kitchen Bbq Pork Buns 300g,$8.00,$2.67 / 100G,/shop/productdetails/164513/hong-kong-dim-sim-kitchen-bbq-pork-buns
106480,Mr Chen's Pork & Chive Dumplings 550g,$9.00,$1.64 / 100G,/shop/productdetails/106480/mr-chen-s-pork-chive-dumplings
656743,Woolworths Jumbo Cooked Prawn 500g,$22.00,$44.00 / 1KG,/shop/productdetails/656743/woolworths-jumbo-cooked-prawn
574618,Bulla Creamy Classics Ice Cream Vanilla & Boysenberry 2l,$6.80,$0.34 / 100ML,/shop/productdetails/574618/bulla-creamy-classics-ice-cream-vanilla-boysenberry
659354,Garlo's Lean Beef Pies 2 Pack,$9.50,$2.38 / 100G,/shop/productdetails/659354/garlo-s-lean-beef-pies
633097,Tutto Pasta Gluten Free Bolognese Lasagne 350g,$6.50,$1.86 / 100G,/shop/productdetails/633097/tutto-pasta-gluten-free-bolognese-lasagne
165354,Mccain Family Pizza Pepperoni 490g,$6.80,$1.39 / 100G,/shop/productdetails/165354/mccain-family-pizza-pepperoni
100920,Tutto Pasta Gluten Free & Vegan Vegetarian Lasagna 300g,$5.90,$1.97 / 100G,/shop/productdetails/100920/tutto-pasta-gluten-free-vegan-vegetarian-lasagna
178456,Sealord Australian Hoki Sourdough Crumb Wild Caught Fillets 300g,$9.00,$30.00 / 1KG,/shop/productdetails/178456/sealord-australian-hoki-sourdough-crumb-wild-caught-fillets
355540,Sealord Hoki Fillets Potato Crumb 480g,$9.00,$18.75 / 1KG,/shop/productdetails/355540/sealord-hoki-fillets-potato-crumb
246028,Pana Organic Vanilla Bean Frozen Dessert Tub 950ml,$12.00,$1.26 / 100ML,/shop/productdetails/246028/pana-organic-vanilla-bean-frozen-dessert-tub
724749,Sara Lee Apple Danish 400g,$6.80,$1.70 / 100G,/shop/productdetails/724749/sara-lee-apple-danish
117922,Lean Cuisine Lamb & Rosemary Hotpot Frozen Meal 280g,$5.60,$2.00 / 100G,/shop/productdetails/117922/lean-cuisine-lamb-rosemary-hotpot-frozen-meal
761061,On The Menu Spaghetti & Meatballs Frozen Meal 260g,$4.50,$1.73 / 100G,/shop/productdetails/761061/on-the-menu-spaghetti-meatballs-frozen-meal
210606,Plantry Plant Based Food Co Teriyaki Meal 350g,$9.00,$2.57 / 100G,/shop/productdetails/210606/plantry-plant-based-food-co-teriyaki-meal
657184,"Super Nature Wholegrain Chicken Porcini, Mushroom & Risotto Frozen Meal 350g",$7.50,$2.14 / 100G,/shop/productdetails/657184/super-nature-wholegrain-chicken-porcini-mushroom-risotto-frozen-meal
116911,Lean Cuisine Satay Chicken Noodles Frozen Meal 280g,$5.60,$2.00 / 100G,/shop/productdetails/116911/lean-cuisine-satay-chicken-noodles-frozen-meal
116429,Lean Cuisine Spaghetti Bolognese 280g,$5.60,$2.00 / 100G,/shop/productdetails/116429/lean-cuisine-spaghetti-bolognese-null
218279,Connoisseur Cookies & Cream Ice Cream Sticks 4 Pack,$4.75,$1.19 / 100ML,/shop/productdetails/218279/connoisseur-cookies-cream-ice-cream-sticks
52372,Mccain Dinner Chicken Parmagiana Frozen Meal 320g,$6.00,$1.88 / 100G,/shop/productdetails/52372/mccain-dinner-chicken-parmagiana-frozen-meal
96775,Essentials Fish Fingers 1kg,$8.50,$8.50 / 1KG,/shop/productdetails/96775/essentials-fish-fingers
825290,Amy's Kitchen Gluten Free Mexican Burrito Cheddar & Rice 156g,$5.20,$3.33 / 100G,/shop/productdetails/825290/amy-s-kitchen-gluten-free-mexican-burrito-cheddar-rice
46280,Sara Lee Deep Dish Pie With Apple Crumble Top 800g,$10.50,$1.31 / 100G,/shop/productdetails/46280/sara-lee-deep-dish-pie-with-apple-crumble-top
219840,Oreo Cookie Sandwich 4 Pack,$9.50,$1.76 / 100ML,/shop/productdetails/219840/oreo-cookie-sandwich
680369,Creative Gourmet Frozen Dragon Fruit Chunks 400g,$6.00,$15.00 / 1KG,/shop/productdetails/680369/creative-gourmet-frozen-dragon-fruit-chunks
705677,Birds Eye Snap Frozen Peas & Corn 1kg,$6.50,$6.50 / 1KG,/shop/productdetails/705677/birds-eye-snap-frozen-peas-corn
301061,Pampas Puff Pastry Sheets 3 Sheets 500g,$6.00,$1.09 / 100G,/shop/productdetails/301061/pampas-puff-pastry-sheets-3-sheets
724739,Sara Lee Blueberry Danish 400g,$6.80,$1.70 / 100G,/shop/productdetails/724739/sara-lee-blueberry-danish
439768,Kbs Prawn Gyoza 1kg,$22.70,$2.27 / 100G,/shop/productdetails/439768/kbs-prawn-gyoza
136888,Woolworths Goats Cheese & Caramelised Onion Arancini 250g,$7.20,$2.88 / 100G,/shop/productdetails/136888/woolworths-goats-cheese-caramelised-onion-arancini
193699,Ben & Jerry's Non-dairy Salted Caramel Brownie Frozen Dessert 458ml,$14.50,$3.17 / 100ML,/shop/productdetails/193699/ben-jerry-s-non-dairy-salted-caramel-brownie-frozen-dessert
22349,Mccain Dinner Veal Cordon Bleu Frozen Meal 320g,$6.00,$1.88 / 100G,/shop/productdetails/22349/mccain-dinner-veal-cordon-bleu-frozen-meal
72365,Woolworths Cauliflower Bites 200g,$5.80,$2.90 / 100G,/shop/productdetails/72365/woolworths-cauliflower-bites
222576,Little Moons Belgian Chocolate & Hazelnut Frozen Mochi Bites 6 Pack,$8.00,$4.17 / 100G,/shop/productdetails/222576/little-moons-belgian-chocolate-hazelnut-frozen-mochi-bites
267142,National Pies Classic Beef & Pepper Pie 180g,$3.40,$1.89 / 100G,/shop/productdetails/267142/national-pies-classic-beef-pepper-pie
259039,Peters Drumstick Hokey Pokey 4 Pack,$9.50,$2.00 / 100ML,/shop/productdetails/259039/peters-drumstick-hokey-pokey
820798,Woolworths Bolognese Arancini 8 Pack,$5.80,$2.42 / 100G,/shop/productdetails/820798/woolworths-bolognese-arancini
171547,Woolworths Potato Topped Beef Pie 2 Pack 400g,$6.00,$2.00 / 100G,/shop/productdetails/171547/woolworths-potato-topped-beef-pie-2-pack
215819,Connoisseur Salted Caramel & Macadamia Ice Cream 4 Pack,$4.75,$1.19 / 100ML,/shop/productdetails/215819/connoisseur-salted-caramel-macadamia-ice-cream
164043,Harry Hoo & Co Chicken Dim Sims 1.5kg,$9.50,$0.63 / 100G,/shop/productdetails/164043/harry-hoo-co-chicken-dim-sims
682724,Woolworths Chicken Breast Kyiv 350g,N/A,N/A,/shop/productdetails/682724/woolworths-chicken-breast-kyiv
9772,Bulla Crunch Double Choc 8 Pack,$6.00,$0.95 / 100ML,/shop/productdetails/9772/bulla-crunch-double-choc
781527,Connoisseur Minis Salted Caramel & Macadamia 6 Pack,$4.75,$1.32 / 100ML,/shop/productdetails/781527/connoisseur-minis-salted-caramel-macadamia
113969,Lean Cuisine Thai Red Chicken Curry With Rice Frozen Meal 375g,$7.00,$1.87 / 100G,/shop/productdetails/113969/lean-cuisine-thai-red-chicken-curry-with-rice-frozen-meal
76777,Art Of Pastry Frozen Fillo Pastry Sheets 375g,$5.00,$1.33 / 100G,/shop/productdetails/76777/art-of-pastry-frozen-fillo-pastry-sheets
23058,Sara Lee Family Pies & Desserts Apple Pie 600g,$4.25,$0.71 / 100G,/shop/productdetails/23058/sara-lee-family-pies-desserts-apple-pie
180203,Proud & Punch Caramel Date Night Sticks 6 Pack,$6.00,$1.43 / 100ML,/shop/productdetails/180203/proud-punch-caramel-date-night-sticks
209675,Sealord Australian Hoki Fish Bites Gluten Free Crumb 350g,$10.00,$28.57 / 1KG,/shop/productdetails/209675/sealord-australian-hoki-fish-bites-gluten-free-crumb
197151,Sealord Frozen New Zealand Hoki Fish Burger 4 Pack,$9.00,$19.57 / 1KG,/shop/productdetails/197151/sealord-frozen-new-zealand-hoki-fish-burger
330915,Peters Light & Creamy Raspberry Ripple Ice Cream 1.8l,$6.50,$0.36 / 100ML,/shop/productdetails/330915/peters-light-creamy-raspberry-ripple-ice-cream
690864,Mccain Pub Size Spaghetti & Meatballs Frozen Meal 500g,$7.50,$1.50 / 100G,/shop/productdetails/690864/mccain-pub-size-spaghetti-meatballs-frozen-meal
91872,Aussie Frozen Fruit 100% Australian Mixed Berries 400g,N/A,N/A,/shop/productdetails/91872/aussie-frozen-fruit-100-australian-mixed-berries
160751,Hong Kong Dim Sim Kitchen Pork Dim Sims 480g,$8.00,$1.67 / 100G,/shop/productdetails/160751/hong-kong-dim-sim-kitchen-pork-dim-sims
179746,Super Nature Super Foods Japanese Style Katsu Chicken Frozen Meal 350g,$7.50,$2.14 / 100G,/shop/productdetails/179746/super-nature-super-foods-japanese-style-katsu-chicken-frozen-meal
134105,Magnum Luxe Caramel Ego Ice Cream 97ml X 4 Pack,$11.50,$2.96 / 100ML,/shop/productdetails/134105/magnum-luxe-caramel-ego-ice-cream
159037,Mr Chen's Gluten Free Vegetable Gyoza Dumplings 200g,$8.00,$4.00 / 100G,/shop/productdetails/159037/mr-chen-s-gluten-free-vegetable-gyoza-dumplings
232149,Bulla Murray St Ice Creamery Vanilla Bean Ice Cream 1l,$12.00,$1.20 / 100ML,/shop/productdetails/232149/bulla-murray-st-ice-creamery-vanilla-bean-ice-cream
246736,Birds Eye Oven Bake Crumbed Lemon Pepper 425g,$8.00,$18.82 / 1KG,/shop/productdetails/246736/birds-eye-oven-bake-crumbed-lemon-pepper
37621,Birds Eye Corn Kernels Super Sweet 1kg,$6.00,$6.00 / 1KG,/shop/productdetails/37621/birds-eye-corn-kernels-super-sweet
179446,Peters Original Twin Pole Vanilla Choc 8 Pack,$8.00,$1.36 / 100ML,/shop/productdetails/179446/peters-original-twin-pole-vanilla-choc
137625,Woolworths Dark Frozen Fruit Blend 500g,$6.20,$12.40 / 1KG,/shop/productdetails/137625/woolworths-dark-frozen-fruit-blend
246796,Peters Original Banana Split Ice Cream 2l,$5.50,$0.28 / 100ML,/shop/productdetails/246796/peters-original-banana-split-ice-cream
87076,Nanna's Apple Crumble 550g,$4.00,$0.73 / 100G,/shop/productdetails/87076/nanna-s-apple-crumble
134077,Connoisseur Gourmet Ice Cream Mini Cookies & Cream Sticks 6 Pack,$4.75,$1.32 / 100ML,/shop/productdetails/134077/connoisseur-gourmet-ice-cream-mini-cookies-cream-sticks
54772,Gluten Free Bakehouse Garlic Bread 300g,$5.20,$1.73 / 100G,/shop/productdetails/54772/gluten-free-bakehouse-garlic-bread
180300,Tak Hing Taro Bao 6 Pack,$4.50,$1.27 / 100G,/shop/productdetails/180300/tak-hing-taro-bao
503673,Haagen-dazs Vanilla Ice Cream Tub Ice Cream 457ml,$13.50,$2.95 / 100ML,/shop/productdetails/503673/haagen-dazs-vanilla-ice-cream-tub-ice-cream
53739,Oreo Tub 1.2l,$9.50,$0.79 / 100ML,/shop/productdetails/53739/oreo-tub
159904,Golden Wok Diana Chan's Bbq Pork Dumplings 230g,$8.50,$3.70 / 100G,/shop/productdetails/159904/golden-wok-diana-chan-s-bbq-pork-dumplings
815130,Macro Organic Frozen Mango 450g,$8.80,$19.56 / 1KG,/shop/productdetails/815130/macro-organic-frozen-mango
384044,Connoisseur Ice Cream Belgian Chocolate 1l Tub,$9.00,$0.90 / 100ML,/shop/productdetails/384044/connoisseur-ice-cream-belgian-chocolate
96610,Nanna's Family Pies & Desserts Apple Pie 600g,$4.00,$0.67 / 100G,/shop/productdetails/96610/nanna-s-family-pies-desserts-apple-pie
143660,Sealord Hoki Lightly Crumbed Classic Crumb Fillets 4 Pack,$9.00,$21.43 / 1KG,/shop/productdetails/143660/sealord-hoki-lightly-crumbed-classic-crumb-fillets
143669,Sealord Hoki Lightly Crumbed Lemon & Herb Fillets 4 Pack,$9.00,$21.43 / 1KG,/shop/productdetails/143669/sealord-hoki-lightly-crumbed-lemon-herb-fillets
221506,Fropro Protein Burrito Chipotle Chicken 245g,$6.00,$2.45 / 100G,/shop/productdetails/221506/fropro-protein-burrito-chipotle-chicken
636655,Magnum Classic Ice Cream Dessert Tub 440ml,$10.50,$2.39 / 100ML,/shop/productdetails/636655/magnum-classic-ice-cream-dessert-tub
202926,The Spice Tailor Spicy Tarka Lentil Daal 500g,$4.75,$0.95 / 100G,/shop/productdetails/202926/the-spice-tailor-spicy-tarka-lentil-daal
215820,Connoisseur Blood Orange & Chocolate Ice Cream 4 Pack,$4.75,$1.19 / 100ML,/shop/productdetails/215820/connoisseur-blood-orange-chocolate-ice-cream
819289,Magnum Almond Non-dairy Frozen Dessert 90ml X 3 Pack,$9.00,$3.33 / 100ML,/shop/productdetails/819289/magnum-almond-non-dairy-frozen-dessert
179938,Bulla Creamy Classics Neapolitan Cones 4 Pack,$4.50,$0.87 / 100ML,/shop/productdetails/179938/bulla-creamy-classics-neapolitan-cones
221181,Harry Hoo & Co Pork Spring Rolls 450g,$5.50,$1.22 / 100G,/shop/productdetails/221181/harry-hoo-co-pork-spring-rolls
728154,Mccain Ultra Thin Angus Beef Pizza 320g,$9.00,$2.81 / 100G,/shop/productdetails/728154/mccain-ultra-thin-angus-beef-pizza
279034,Peters Maxibon Monster Cookie Ice Cream 4 Pack,$6.50,$1.16 / 100ML,/shop/productdetails/279034/peters-maxibon-monster-cookie-ice-cream
246768,Pana Organic Double Chocolate Frozen Dessert Tub 950ml,$12.00,$1.26 / 100ML,/shop/productdetails/246768/pana-organic-double-chocolate-frozen-dessert-tub
150927,Cadbury Caramilk Sticks 360ml X4 Pack,$6.50,$1.81 / 100ML,/shop/productdetails/150927/cadbury-caramilk-sticks
116953,"Lean Cuisine Chicken, Cheese & Pepper Pasta Frozen Meal 375g",$7.00,$1.87 / 100G,/shop/productdetails/116953/lean-cuisine-chicken-cheese-pepper-pasta-frozen-meal
127814,Lucky Kitchen Bbq Pork Dumplings 750g,$10.50,$1.40 / 100G,/shop/productdetails/127814/lucky-kitchen-lucky-kitchen-bbq-pork-dumplings
247792,Peters Rescue Pops Plums Up Fruit Sorbet 8 Pack,$4.25,$0.80 / 100ML,/shop/productdetails/247792/peters-rescue-pops-plums-up-fruit-sorbet
203580,Fropro Protein Pizza Italian Beef & Peppers 325g,$12.00,$3.69 / 100G,/shop/productdetails/203580/fropro-protein-pizza-italian-beef-peppers
263648,Sara Lee Chocolate Swirl Bavarian 375g,$8.50,$2.27 / 100G,/shop/productdetails/263648/sara-lee-chocolate-swirl-bavarian
243894,Twisted Licks Strawberries N Cream Ice Creams 4 Pack,$9.00,$2.81 / 100ML,/shop/productdetails/243894/twisted-licks-strawberries-n-cream-ice-creams
288917,Ferrero Rocher Frozen Dessert Classic 4 Pack,$12.00,$4.29 / 100ML,/shop/productdetails/288917/ferrero-rocher-frozen-dessert-classic
245436,I&j Wild Caught Hoki Original Crumb 425g,$6.50,$15.29 / 1KG,/shop/productdetails/245436/i-j-wild-caught-hoki-original-crumb
221798,On The Menu Singapore Noodles With Beef 260g,$4.50,$1.73 / 100G,/shop/productdetails/221798/on-the-menu-singapore-noodles-with-beef
215904,Connoisseur Mint & Cookies Ice Cream 4 Pack,$4.75,$1.19 / 100ML,/shop/productdetails/215904/connoisseur-mint-cookies-ice-cream
694031,Gluten Free Bakehouse Chunky Beef Pie 2 Pack,$8.50,$2.50 / 100G,/shop/productdetails/694031/gluten-free-bakehouse-chunky-beef-pie
178946,"Bulla Crunch Caramel, Strawberry & Honeycomb 8 Pack",$6.00,$0.95 / 100ML,/shop/productdetails/178946/bulla-crunch-caramel-strawberry-honeycomb
105678,Bulla Creamy Classics Ice Cream Sandwich Vanilla 4 Pack,$4.50,$0.80 / 100ML,/shop/productdetails/105678/bulla-creamy-classics-ice-cream-sandwich-vanilla
803034,Just Caught Raw Prawn Cutlets 850g,$32.00,$37.65 / 1KG,/shop/productdetails/803034/just-caught-raw-prawn-cutlets
763594,Woolworths Apple Pie Family 600g,$3.60,$0.60 / 100G,/shop/productdetails/763594/woolworths-apple-pie-family
40950,Peters Ice Cream Cake Party 1.5l,$14.00,$0.93 / 100ML,/shop/productdetails/40950/peters-ice-cream-cake-party
289423,Ferrero Raffaello Frozen Dessert 4 Pack,$12.00,$4.29 / 100ML,/shop/productdetails/289423/ferrero-raffaello-frozen-dessert-icecream
178818,Nestle Milo Ice Cream Tub 1.2l,$9.50,$0.79 / 100ML,/shop/productdetails/178818/nestle-milo-ice-cream-tub
56918,La Gina Woodfired Rocket & Crumbled Goats Cheese Italian Pizza 405g,$5.90,$1.46 / 100G,/shop/productdetails/56918/la-gina-woodfired-rocket-crumbled-goats-cheese-italian-pizza
55613,Patties Party Pack 1.25kg,$13.50,$1.08 / 100G,/shop/productdetails/55613/patties-party-pack
60274,Mr Chen's Prawn Hargow Dumplings 550g,$9.00,$1.64 / 100G,/shop/productdetails/60274/mr-chen-s-prawn-hargow-dumplings
280357,Quorn Meat-free Chicken Fillet Burgers 190g,$7.00,$3.68 / 100G,/shop/productdetails/280357/quorn-meat-free-chicken-fillet-burgers
232735,Peters Maxibon Waffle On Icecream Bars 4 Pack,$6.50,$1.16 / 100ML,/shop/productdetails/232735/peters-maxibon-waffle-on-icecream-bars
249170,Bulla Crunch Ice Cream Orange Mint Vanilla 8 Pack,$6.00,$0.95 / 100ML,/shop/productdetails/249170/bulla-crunch-ice-cream-orange-mint-vanilla
485189,Magnum Almond Ice Cream Dessert Sticks 107ml X 4 Pack,$10.50,$2.45 / 100ML,/shop/productdetails/485189/magnum-almond-ice-cream-dessert-sticks
304365,Annabel Karmel Little Meals Mild Coconut Chicken Curry 200g,$3.90,$1.95 / 100G,/shop/productdetails/304365/annabel-karmel-little-meals-mild-coconut-chicken-curry
781942,Blue Ribbon Cookies & Cream Reduced Fat Ice Cream Dessert Tub 2l,$7.00,$0.35 / 100ML,/shop/productdetails/781942/blue-ribbon-cookies-cream-reduced-fat-ice-cream-dessert-tub
146418,Mccain Lamb Cutlet & Gravy Frozen 320g,$6.00,$1.88 / 100G,/shop/productdetails/146418/mccain-lamb-cutlet-gravy-frozen-null
574627,On The Menu Beef Lasagne 2kg,$13.50,$0.68 / 100G,/shop/productdetails/574627/on-the-menu-beef-lasagne-null
147940,Kitkat Ice Cream Sticks 4 Pack,$9.50,$2.64 / 100ML,/shop/productdetails/147940/kitkat-ice-cream-sticks
609001,Woolworths Belgian Chocolate Lava Cake 2 Pack 180g,$4.20,$2.33 / 100G,/shop/productdetails/609001/woolworths-belgian-chocolate-lava-cake-2-pack
60993,Birds Eye Deli Seasonal Catch Flathead In Light Batter 250g,$10.00,$40.00 / 1KG,/shop/productdetails/60993/birds-eye-deli-seasonal-catch-flathead-in-light-batter
278015,Bulla Choc Bars Vanilla 8 Pack,$6.00,$0.98 / 100ML,/shop/productdetails/278015/bulla-choc-bars-vanilla
179956,Woolworths Plantitude Fish Free Battered Lemon Pepper Fillets 280g,$7.00,$2.50 / 100G,/shop/productdetails/179956/woolworths-plantitude-fish-free-battered-lemon-pepper-fillets
691788,Dr. Oetker Papa Giuseppis Rising Stuffed Crust Supreme Pizza 525g,$7.00,$1.33 / 100G,/shop/productdetails/691788/dr-oetker-papa-giuseppis-rising-stuffed-crust-supreme-pizza
710587,Mr Chen's Pork & Chive Dumplings 300g,$8.50,$2.83 / 100G,/shop/productdetails/710587/mr-chen-s-pork-chive-dumplings
345039,Ben & Jerry's Ice Cream Chocolate Chip Cookie Dough 458ml Tub,$14.50,$3.17 / 100ML,/shop/productdetails/345039/ben-jerry-s-ice-cream-chocolate-chip-cookie-dough
245434,Just Caught Tempura Battered Whiting Fillets 800g,$14.00,$17.50 / 1KG,/shop/productdetails/245434/just-caught-tempura-battered-whiting-fillets
817502,Macro Organic Corn Kernels 450g,$5.00,$11.11 / 1KG,/shop/productdetails/817502/macro-organic-corn-kernels
699140,Connoisseur Ice Cream Vanilla Caramel Brownie 1l,$9.00,$0.90 / 100ML,/shop/productdetails/699140/connoisseur-ice-cream-vanilla-caramel-brownie
369501,On The Menu Roast Beef Frozen Meal 320g,$7.00,$2.19 / 100G,/shop/productdetails/369501/on-the-menu-roast-beef-frozen-meal-roast-beef-frozen-meal
931860,Oob Organic Frozen Mixed Berries 500g,$10.50,$21.00 / 1KG,/shop/productdetails/931860/oob-organic-frozen-mixed-berries
179920,Birds Eye Plant Based Wholemeal Crumb Chicken Tenders 300g,$7.30,$2.43 / 100G,/shop/productdetails/179920/birds-eye-plant-based-wholemeal-crumb-chicken-tenders
179460,Super Nature Super Foods Carbonara Chicken Fettuccine Frozen Meal 350g,$7.50,$2.14 / 100G,/shop/productdetails/179460/super-nature-super-foods-carbonara-chicken-fettuccine-frozen-meal
106304,Paddle Pop Streets Ice Cream Banana 8 Pack,$7.00,$1.29 / 100ML,/shop/productdetails/106304/paddle-pop-streets-ice-cream-banana
134627,Proud & Punch Pining For Lime 6 Pack,$6.00,$1.33 / 100ML,/shop/productdetails/134627/proud-punch-pining-for-lime
120986,Blue Ribbon Streets Chocolate Mint Reduced Fat Ice Cream Dessert Tub 2l,$7.00,$0.35 / 100ML,/shop/productdetails/120986/blue-ribbon-streets-chocolate-mint-reduced-fat-ice-cream-dessert-tub
286319,Plantry Plant Based Carbonara Meal 350g,$9.00,$2.57 / 100G,/shop/productdetails/286319/plantry-plant-based-carbonara-meal
305106,Lean Cuisine Veg'd Up Classics Spinach & Ricotta Cannelloni 330g,$7.00,$2.12 / 100G,/shop/productdetails/305106/lean-cuisine-veg-d-up-classics-spinach-ricotta-cannelloni
37320,Pampas Lemon Meringue Pies 4 Pack,$5.00,$1.25 / 100G,/shop/productdetails/37320/pampas-lemon-meringue-pies
220954,Cadbury Dairy Milk Caramello Ice Cream Sticks 4 Pack,$6.50,$1.81 / 100ML,/shop/productdetails/220954/cadbury-dairy-milk-caramello-ice-cream-sticks
931859,Oob Organic Frozen Blueberries 450g,$10.50,$23.33 / 1KG,/shop/productdetails/931859/oob-organic-frozen-blueberries
805843,Proud & Punch Coconuts For Mango 6 Pack,$6.00,$1.33 / 100ML,/shop/productdetails/805843/proud-punch-coconuts-for-mango
330841,Peters Light & Creamy Classic Vanilla Ice Cream 1.8l,$6.50,$0.36 / 100ML,/shop/productdetails/330841/peters-light-creamy-classic-vanilla-ice-cream
206336,Woolworths Roast Vegetable & Caramelised Onion Balls 8 Pack,$4.90,$2.45 / 100G,/shop/productdetails/206336/woolworths-roast-vegetable-caramelised-onion-balls
180294,Bulla Creamy Classics Cones Vanilla Fudge 4 Pack,$4.50,$0.87 / 100ML,/shop/productdetails/180294/bulla-creamy-classics-cones-vanilla-fudge
85721,Double Merino Pastry Gow Gee 275g,$2.90,$1.05 / 100G,/shop/productdetails/85721/double-merino-pastry-gow-gee
249496,Ruffie Rustic Foods Plant-based Protein Powered With Pasta 350g,$8.00,$2.29 / 100G,/shop/productdetails/249496/ruffie-rustic-foods-plant-based-protein-powered-with-pasta
206974,Golden Gaytime Streets Ice Cream Bites 279ml,$9.00,$3.23 / 100ML,/shop/productdetails/206974/golden-gaytime-streets-ice-cream-bites
202804,The Spice Tailor Malabar Biryani Kit 360g,$4.75,$1.32 / 100G,/shop/productdetails/202804/the-spice-tailor-malabar-biryani-kit
819294,Magnum Classic Dairy Free Frozen Dessert Sticks 3 Pack,$9.00,$3.33 / 100ML,/shop/productdetails/819294/magnum-classic-dairy-free-frozen-dessert-sticks
240385,Twisted Raw C Coconut Pops Original 4 Pack,$7.50,$2.34 / 100ML,/shop/productdetails/240385/twisted-raw-c-coconut-pops-original
257574,Little Moons Golden Blond Chocolate Mochi Bites 6 Pack,$8.00,,/shop/productdetails/257574/little-moons-golden-blond-chocolate-mochi-bites
96821,Mccain Spaghetti Bolognese Frozen Meal 400g,$5.60,$1.40 / 100G,/shop/productdetails/96821/mccain-spaghetti-bolognese-frozen-meal
699046,Oreo Ice Cream Cone 4 Pack,$9.50,$2.00 / 100ML,/shop/productdetails/699046/oreo-ice-cream-cone
116706,Lean Cuisine Beef In Red Wine Sauce With Garlic Mash Frozen Meal 280g,$5.60,$2.00 / 100G,/shop/productdetails/116706/lean-cuisine-beef-in-red-wine-sauce-with-garlic-mash-frozen-meal
109150,Birds Eye Deli Salt & Pepper Prawn Cutlets 225g,$10.00,$44.44 / 1KG,/shop/productdetails/109150/birds-eye-deli-salt-pepper-prawn-cutlets
277731,Bulla Mint Vanilla Chocolate Bar Sticks 8 Pack,$6.00,$0.98 / 100ML,/shop/productdetails/277731/bulla-mint-vanilla-chocolate-bar-sticks
881471,Connoisseur Ice Cream Raspberry White Chocolate 1l Tub,$9.00,$0.90 / 100ML,/shop/productdetails/881471/connoisseur-ice-cream-raspberry-white-chocolate
179753,Oreo Cookie Sandwich Sticks 4 Pack,$9.50,$3.17 / 100ML,/shop/productdetails/179753/oreo-cookie-sandwich-sticks
160938,Gluten Free Bakehouse Microwavable Gluten Free Sausage Roll 160g,$4.00,$2.50 / 100G,/shop/productdetails/160938/gluten-free-bakehouse-microwavable-gluten-free-sausage-roll
126659,Lucky Kitchen Classic Chicken Dumplings 750g,$10.50,$1.40 / 100G,/shop/productdetails/126659/lucky-kitchen-lucky-kitchen-classic-chicken-dumplings
281466,Weis Mini Mango Ice Cream Bars 6 Pack,$7.50,$2.84 / 100ML,/shop/productdetails/281466/weis-mini-mango-ice-cream-bars
247543,Bulla Frozen Yogurt Mango Apricot Or Passionfruit Dessert Sticks 8 Pack,$6.00,$1.25 / 100G,/shop/productdetails/247543/bulla-frozen-yogurt-mango-apricot-or-passionfruit-dessert-sticks
485735,Buono Non Dairy Mochi Green Tea 156g,$5.60,$3.59 / 100G,/shop/productdetails/485735/buono-non-dairy-mochi-green-tea
671631,Jase's Kitchen Gluten Free Ham & Pineapple Pizza 185g,$5.00,$2.70 / 100G,/shop/productdetails/671631/jase-s-kitchen-gluten-free-ham-pineapple-pizza
661425,Mccain Beef & Bacon Pasta Bake Frozen Meal 400g,$5.60,$1.40 / 100G,/shop/productdetails/661425/mccain-beef-bacon-pasta-bake-frozen-meal
445885,Birds Eye Oven Bake Fish Original Crumb 1kg,$17.00,$17.00 / 1KG,/shop/productdetails/445885/birds-eye-oven-bake-fish-original-crumb
179916,Bulla Fudge Bars 8 Pack,N/A,N/A,/shop/productdetails/179916/bulla-fudge-bars
288163,Bibigo Mandu Vegetable Dumplings 280g,$8.50,$3.04 / 100G,/shop/productdetails/288163/bibigo-mandu-vegetable-dumplings
89799,Sun Circle Pork & Chive Dumplings 600g,$7.50,$1.25 / 100G,/shop/productdetails/89799/sun-circle-pork-chive-dumplings
153673,Magnum Mini Ice Cream Almond Dessert Sticks 60ml X 6 Pack,$10.50,$2.92 / 100ML,/shop/productdetails/153673/magnum-mini-ice-cream-almond-dessert-sticks
137796,Mccain Pub Size Rich Beef Meatballs Frozen Meal 480g,$7.50,$1.56 / 100G,/shop/productdetails/137796/mccain-pub-size-rich-beef-meatballs-frozen-meal
682485,Ocean Chef South American Flathead Fillets 1kg,$21.00,$21.00 / 1KG,/shop/productdetails/682485/ocean-chef-south-american-flathead-fillets
247742,Sara Lee Creamy Mango & Passionfruit Ice Cream 1l,$12.00,$1.20 / 100ML,/shop/productdetails/247742/sara-lee-creamy-mango-passionfruit-ice-cream
121454,Ingham's Super Crunch Seasoned Chicken Dippers 325g,N/A,N/A,/shop/productdetails/121454/ingham-s-super-crunch-seasoned-chicken-dippers
259609,Connoisseur Ice Cream Caramel Honey Macadamia 1l Tub,$9.00,$0.90 / 100ML,/shop/productdetails/259609/connoisseur-ice-cream-caramel-honey-macadamia
505069,Haagen-dazs Salted Caramel Ice Cream Tub Ice Cream 457ml,$13.50,$2.95 / 100ML,/shop/productdetails/505069/haagen-dazs-salted-caramel-ice-cream-tub-ice-cream
225712,Much Moore Vanilla Bean Ice Cream 1l,$6.50,$0.65 / 100ML,/shop/productdetails/225712/much-moore-much-moore-vanilla-bean-ice-cream
330844,Peters Light & Creamy Choc Caramel & Vanilla Swirl Ice Cream 1.8l,$6.50,$0.36 / 100ML,/shop/productdetails/330844/peters-light-creamy-choc-caramel-vanilla-swirl-ice-cream
141280,Connoisseur Vanilla Caramel Brownie Ice Cream 4 Pack,$4.75,$1.19 / 100ML,/shop/productdetails/141280/connoisseur-vanilla-caramel-brownie-ice-cream
206338,Woolworths 8 Potato Mashies With Gravy Filling 200g,$5.30,$2.21 / 100G,/shop/productdetails/206338/woolworths-8-potato-mashies-with-gravy-filling
169392,Buono Lychee Mochi Sorbet 6 Pack,$7.50,$4.81 / 100G,/shop/productdetails/169392/buono-lychee-mochi-sorbet
224053,Birds Eye Fish Cakes Salmon With Vegetables & Herbs 480g,$6.50,$13.54 / 1KG,/shop/productdetails/224053/birds-eye-fish-cakes-salmon-with-vegetables-herbs
110895,I&j Fish Fillets Original Crumb 1kg,$13.00,$13.00 / 1KG,/shop/productdetails/110895/i-j-fish-fillets-original-crumb
105495,Bulla Creamy Classics Ice Cream Sandwich Neapolitan 4 Pack,$4.50,$0.80 / 100ML,/shop/productdetails/105495/bulla-creamy-classics-ice-cream-sandwich-neapolitan
227290,Ingham's Airmazing Chicken Nuggets 400g,$7.00,$17.50 / 1KG,/shop/productdetails/227290/ingham-s-airmazing-chicken-nuggets
186758,Birds Eye Ocean Selections Fish Fillets Moroccan Skinless Frozen 4 Pack,$7.00,$14.00 / 1KG,/shop/productdetails/186758/birds-eye-ocean-selections-fish-fillets-moroccan-skinless-frozen
91902,Aussie Frozen Fruit 100% Australian Mangoes 400g,N/A,N/A,/shop/productdetails/91902/aussie-frozen-fruit-100-australian-mangoes
91595,Aussie Frozen Fruit 100% Australian Blueberries 400g,N/A,N/A,/shop/productdetails/91595/aussie-frozen-fruit-100-australian-blueberries
19341,Just Caught Crumbed Pollock Fillets 1kg,$9.00,$9.00 / 1KG,/shop/productdetails/19341/just-caught-crumbed-pollock-fillets
179246,Peters Original Twin Pole Cookies & Cream 8 Pack,$8.00,$1.36 / 100ML,/shop/productdetails/179246/peters-original-twin-pole-cookies-cream
180086,Sara Lee Decadent Latte Cookies & Cream Ice Cream Tub 1l,$12.00,$1.20 / 100ML,/shop/productdetails/180086/sara-lee-decadent-latte-cookies-cream-ice-cream-tub
271407,Mccain Pizza Pocket Vegemite 400g,$6.50,$1.63 / 100G,/shop/productdetails/271407/mccain-pizza-pocket-vegemite
205712,Fropro Protein Pizza Peri Peri Chicken 325g,$12.00,$3.69 / 100G,/shop/productdetails/205712/fropro-protein-pizza-peri-peri-chicken
247534,Connoisseur Triple Chocolate Cookie Ice Cream 4 Pack,$4.75,$1.32 / 100ML,/shop/productdetails/247534/connoisseur-triple-chocolate-cookie-ice-cream
505074,Haagen-dazs Strawberries & Cream Ice Cream Tub 457ml,$13.50,$2.95 / 100ML,/shop/productdetails/505074/haagen-dazs-strawberries-cream-ice-cream-tub
246706,Peters Twin Pole Blue Raspberry Spider 8pack,$8.00,$1.47 / 100ML,/shop/productdetails/246706/peters-twin-pole-blue-raspberry-spider
505061,Haagen-dazs Belgian Chocolate Ice Cream Tub 457ml,$13.50,$2.95 / 100ML,/shop/productdetails/505061/haagen-dazs-belgian-chocolate-ice-cream-tub
702330,Mccain Ultra Thin Crust Pizza Tandoori 320g,$9.00,$2.81 / 100G,/shop/productdetails/702330/mccain-ultra-thin-crust-pizza-tandoori
288074,Quorn Meatfree Style Butter Chicken & Rice 350g,$9.00,$2.57 / 100G,/shop/productdetails/288074/quorn-meatfree-style-butter-chicken-rice
141007,Woolworths Tuna Pasta With Veggies Frozen Meal 375g,$4.00,$1.07 / 100G,/shop/productdetails/141007/woolworths-tuna-pasta-with-veggies-frozen-meal
893902,Cheesebuddy Gluten Free Cheese Puffs 450g,$6.60,$1.47 / 100G,/shop/productdetails/893902/cheesebuddy-gluten-free-cheese-puffs
279750,Connoisseur Vanilla Ice Cream 4 Pack,$4.75,$1.19 / 100ML,/shop/productdetails/279750/connoisseur-vanilla-ice-cream
162721,Ingham's Super Crunch Seasoned Chicken Dippers 700g,N/A,N/A,/shop/productdetails/162721/ingham-s-super-crunch-seasoned-chicken-dippers
136906,Woolworths Pizza Bites 200g,$5.80,$2.90 / 100G,/shop/productdetails/136906/woolworths-pizza-bites
180303,Birds Eye Plant Based Chicken Strips 200g,$7.30,$3.65 / 100G,/shop/productdetails/180303/birds-eye-plant-based-chicken-strips
246817,Bubbleme Bubbletea Icecream Brown Sugar Brown Sugar 320g,$5.25,$1.64 / 100G,/shop/productdetails/246817/bubbleme-bubbletea-icecream-brown-sugar-brown-sugar
221196,Connoisseur Plant Based Vanilla Brownie Ice Cream Sticks 4 Pack,$4.75,$1.32 / 100ML,/shop/productdetails/221196/connoisseur-plant-based-vanilla-brownie-ice-cream-sticks
187138,Birds Eye Ocean Selections Teriyaki Frozen Fish Fillets 4 Pack,$7.00,$14.00 / 1KG,/shop/productdetails/187138/birds-eye-ocean-selections-teriyaki-frozen-fish-fillets
215486,Connoisseur Roasted Hazelnut Ice Cream 4 Pack,$4.75,$1.19 / 100ML,/shop/productdetails/215486/connoisseur-roasted-hazelnut-ice-cream
244903,Sammontana Gruvi Pistachio 4 Pack,$6.50,$2.17 / 100ML,/shop/productdetails/244903/sammontana-gruvi-pistachio
39353,Birds Eye Fish Cakes Oven Fry 300g,$5.40,$18.00 / 1KG,/shop/productdetails/39353/birds-eye-fish-cakes-oven-fry
56917,La Gina Woodfired Burrata & Semi Dried Tomato Italian Pizza 405g,$5.90,$1.46 / 100G,/shop/productdetails/56917/la-gina-woodfired-burrata-semi-dried-tomato-italian-pizza
246405,Proud & Punch Cookies 'n' Dream 6 Pack,$6.00,$1.43 / 100ML,/shop/productdetails/246405/proud-punch-cookies-n-dream
120302,Hinterland Vanilla Bean Ice Cream 1l,$8.50,$0.85 / 100ML,/shop/productdetails/120302/hinterland-vanilla-bean-ice-cream
560627,Much Moore Awesome Salted Caramel Ice Cream Tub 2l,$11.00,$0.55 / 100ML,/shop/productdetails/560627/much-moore-awesome-salted-caramel-ice-cream-tub
119800,Bulla Real Dairy Chocolate & Vanilla Tub 4l,$10.00,$0.25 / 100ML,/shop/productdetails/119800/bulla-real-dairy-chocolate-vanilla-tub
215487,Connoisseur Mango & Coconut Ice Cream 4 Pack,$4.75,$1.19 / 100ML,/shop/productdetails/215487/connoisseur-mango-coconut-ice-cream
726289,Ingham's Free Range Chicken Breast Ciabatta Nuggets 400g,$10.65,$26.63 / 1KG,/shop/productdetails/726289/ingham-s-free-range-chicken-breast-ciabatta-nuggets
206337,Woolworths Spinach & Quinoa Balls 8 Pack,$4.90,$2.45 / 100G,/shop/productdetails/206337/woolworths-spinach-quinoa-balls
247435,Leone Vanilla Classic Sticks 6 Pack,$2.75,$0.83 / 100ML,/shop/productdetails/247435/leone-vanilla-classic-sticks
744827,Bayview Gluten Free Chicken Pieces Breast Bites 260g,$10.00,$3.79 / 100G,/shop/productdetails/744827/bayview-gluten-free-chicken-pieces-breast-bites
180256,Bulla Creamy Classics Cones Choc Honeycomb 4 Pack,$4.50,$0.87 / 100ML,/shop/productdetails/180256/bulla-creamy-classics-cones-choc-honeycomb
221510,Fropro Protein Pocket Cheeseburger 200g,$8.00,$4.00 / 100G,/shop/productdetails/221510/fropro-protein-pocket-cheeseburger
114569,Halo Top Brownie Batter Tub 473ml,$10.50,$2.22 / 100ML,/shop/productdetails/114569/halo-top-brownie-batter-tub
106540,Mr Chen's Ginger Prawn Dumplings 450g,$9.00,$2.00 / 100G,/shop/productdetails/106540/mr-chen-s-ginger-prawn-dumplings
180472,Bulla Creamy Classics Cones Triple Choc 4 Pack,$4.50,$0.87 / 100ML,/shop/productdetails/180472/bulla-creamy-classics-cones-triple-choc
51739,Cadbury Crunchie Bars 4 Pack,$6.50,$2.17 / 100ML,/shop/productdetails/51739/cadbury-crunchie-bars
739602,Blue Ribbon Neapolitan Reduced Fat Ice Cream Dessert Tub 2l,$7.00,$0.35 / 100ML,/shop/productdetails/739602/blue-ribbon-neapolitan-reduced-fat-ice-cream-dessert-tub
221059,Fropro Protein Pocket Pizza 200g,$8.00,$4.00 / 100G,/shop/productdetails/221059/fropro-protein-pocket-pizza
180029,Fropro Keto Scoop Vanilla With Caramel Ripple Tub 473ml,$10.00,$2.11 / 100ML,/shop/productdetails/180029/fropro-keto-scoop-vanilla-with-caramel-ripple-tub
575574,Woolworths Cheese & Ham Croquettes 8 Pack,$5.80,$1.93 / 100G,/shop/productdetails/575574/woolworths-cheese-ham-croquettes
153281,Hinterland Rum & Raisin Ice Cream 1l,$8.50,$0.85 / 100ML,/shop/productdetails/153281/hinterland-rum-raisin-ice-cream
277784,Reese's Peanut Butter & Chocolate Sticks 4 Pack,$7.00,$1.94 / 100ML,/shop/productdetails/277784/reese-s-peanut-butter-chocolate-sticks
1793,Connoisseur Ice Cream Cafe Grande 1l Tub,$9.00,$0.90 / 100ML,/shop/productdetails/1793/connoisseur-ice-cream-cafe-grande
217495,Liz & Betty Mini Cheese Puffs Manchego & Jalapeno Bite Sized 150g,$10.00,$6.67 / 100G,/shop/productdetails/217495/liz-betty-bitesize-liz-betty-mini-cheese-puffs-manchego-jalapeno-bite-sized
180252,Creative Gourmet Frozen Avocado Slices 250g,$5.65,$22.60 / 1KG,/shop/productdetails/180252/creative-gourmet-frozen-avocado-slices
203453,Della Rosa Italian Supreme Pizza 400g,$7.00,$1.75 / 100G,/shop/productdetails/203453/della-rosa-italian-supreme-pizza
277300,Mr Chen's Bao Buns 16 Pack,$16.00,$2.50 / 100G,/shop/productdetails/277300/mr-chen-s-bao-buns
260613,Peters Drumstick Vanilla Caramel 4 Pack,$9.50,$2.00 / 100ML,/shop/productdetails/260613/peters-drumstick-vanilla-caramel
241673,Twisted Raw C Coconut Pops Lychee 4 Pack,$7.50,$2.34 / 100ML,/shop/productdetails/241673/twisted-raw-c-coconut-pops-lychee
508517,Connoisseur Ice Cream Chocolate Brownie 1l Tub,$9.00,$0.90 / 100ML,/shop/productdetails/508517/connoisseur-ice-cream-chocolate-brownie
950976,Woolworths Chocolate Bavarian 450g,$4.30,$0.96 / 100G,/shop/productdetails/950976/woolworths-chocolate-bavarian
162540,Ingham's Super Crunch Hot & Spicy Chicken Bites 700g,$15.50,$22.14 / 1KG,/shop/productdetails/162540/ingham-s-super-crunch-hot-spicy-chicken-bites
247434,Leone Vanilla Almond Sticks 6 Pack,$2.75,$0.83 / 100ML,/shop/productdetails/247434/leone-leone-vanilla-almond-sticks
198735,Mccain Ultra Thin Pizza Margherita 300g,$9.00,$3.00 / 100G,/shop/productdetails/198735/mccain-ultra-thin-pizza-margherita
241655,Chupa Chups Mixed Minis Ice Cream Sticks 10 Pack,$6.00,$1.50 / 100ML,/shop/productdetails/241655/chupa-chups-mixed-minis-ice-cream-sticks
282163,Lucky Kitchen Pork & Prawn Dumplings 750g,$10.50,$1.40 / 100G,/shop/productdetails/282163/lucky-kitchen-pork-prawn-dumplings
533682,Oob Frozen Sliced Banana Organic 450g,$7.50,$16.67 / 1KG,/shop/productdetails/533682/oob-frozen-sliced-banana-organic
206339,Woolworths Herb Crumbed Mozzarella Balls 8 Pack,$5.30,$2.65 / 100G,/shop/productdetails/206339/woolworths-herb-crumbed-mozzarella-balls
280873,Fropro Protein Burrito Enchilada Pork 245g,$6.00,$2.45 / 100G,/shop/productdetails/280873/fropro-protein-burrito-enchilada-pork
665989,Ocean Chef Hoki Fillets 1kg,$22.50,$22.50 / 1KG,/shop/productdetails/665989/ocean-chef-hoki-fillets
77883,Patties Party Pasties Party 12 Pack,$9.50,$1.90 / 100G,/shop/productdetails/77883/patties-party-pasties-party
249168,Ruffie Rustic Foods Plant-based Protein Powered Veg Bolognese 350g,$8.00,$2.29 / 100G,/shop/productdetails/249168/ruffie-rustic-foods-plant-based-protein-powered-veg-bolognese
153290,Aussie Frozen Fruit 100% Australian Pineapples 400g,N/A,N/A,/shop/productdetails/153290/aussie-frozen-fruit-100-australian-pineapples
545704,Coco & Lucas' Butter Chicken & Jasmine Rice Frozen Meal 220g,$5.30,$2.41 / 100G,/shop/productdetails/545704/coco-lucas-butter-chicken-jasmine-rice-frozen-meal
942352,Nanna's Frozen Crepes 400g,$8.00,$2.00 / 100G,/shop/productdetails/942352/nanna-s-frozen-crepes
705130,Mr Chen's Prawn Hargow Dumplings 300g,$8.50,$2.83 / 100G,/shop/productdetails/705130/mr-chen-s-prawn-hargow-dumplings
186693,Birds Eye Ocean Selections Barramundi Skin On Frozen Fish Fillet 2 Pack,$10.00,$40.00 / 1KG,/shop/productdetails/186693/birds-eye-ocean-selections-barramundi-skin-on-frozen-fish-fillet
178318,On The Menu Big Feast Bbq Meatballs With Spicy Rice Frozen Meal 500g,$8.00,$1.60 / 100G,/shop/productdetails/178318/on-the-menu-big-feast-bbq-meatballs-with-spicy-rice-frozen-meal
278437,Peters Maxibon Caramel Rough Nut Ice Cream 4 Pack,$6.50,$1.16 / 100ML,/shop/productdetails/278437/peters-maxibon-caramel-rough-nut-ice-cream
278504,Peters Maxibon Honeycomb 4 Pack,$6.50,$1.16 / 100ML,/shop/productdetails/278504/peters-maxibon-honeycomb
284917,Fropro Protein Burrito Moroccan Beef 245g,$6.00,$2.45 / 100G,/shop/productdetails/284917/fropro-protein-burrito-moroccan-beef
318488,Birds Eye Fresh Caught Barramundi Original Crumb 270g,$8.00,$29.63 / 1KG,/shop/productdetails/318488/birds-eye-fresh-caught-barramundi-original-crumb
222577,Little Moons Honey Roasted Pistachio Mochi Bites 6 Pack,$8.00,$4.17 / 100G,/shop/productdetails/222577/little-moons-honey-roasted-pistachio-mochi-bites
278031,Peters Maxibon That's Mint 4 Pack,$6.50,$1.16 / 100ML,/shop/productdetails/278031/peters-maxibon-that-s-mint
119674,Cadbury Dairy Milk Hazelnut Sticks 4 Pack,$6.50,$1.81 / 100ML,/shop/productdetails/119674/cadbury-dairy-milk-hazelnut-sticks
858754,Bulla Rainbow Ice Cream Cake 1.5l,$15.00,$1.00 / 100ML,/shop/productdetails/858754/bulla-rainbow-ice-cream-cake
219993,Mrs Macs Brush & Bake Chunky Steak Pie 2 Pack,$7.50,$1.88 / 100G,/shop/productdetails/219993/mrs-macs-brush-bake-chunky-steak-pie
246082,Pana Organic Almond Frozen Dessert Sticks 4 Pack,$10.00,$2.78 / 100ML,/shop/productdetails/246082/pana-organic-almond-frozen-dessert-sticks
89178,Fitness Outcomes Sriracha Chicken Frozen Meal 350g,$7.00,$2.00 / 100G,/shop/productdetails/89178/fitness-outcomes-sriracha-chicken-frozen-meal
278516,Halo Top Vanilla Choc Caramel Crunch Ice Cream 473ml,$10.50,$2.22 / 100ML,/shop/productdetails/278516/halo-top-vanilla-choc-caramel-crunch-ice-cream
222644,Lean Cuisine Beef & Black Bean Noodles 375g,$7.00,$1.87 / 100G,/shop/productdetails/222644/lean-cuisine-beef-black-bean-noodles
182741,Denada Sugar Free Caramel Macadamia Frozen Dessert Tub 475ml,$12.00,$2.53 / 100ML,/shop/productdetails/182741/denada-sugar-free-caramel-macadamia-frozen-dessert-tub
739556,Woolworths Frozen Sticky Date Puddings 2 Pack,$4.00,$1.82 / 100G,/shop/productdetails/739556/woolworths-frozen-sticky-date-puddings
205705,Genobile Saba Premium Pomodoro Base 400g,$7.50,$1.88 / 100G,/shop/productdetails/205705/genobile-saba-premium-pomodoro-base
231444,Bulla Murray St Chocolate Fudge Ripple Ice Cream 1l,$12.00,$1.20 / 100ML,/shop/productdetails/231444/bulla-murray-st-chocolate-fudge-ripple-ice-cream
106570,Mr Chen's Beef Teriyaki Dumplings 300g,$8.50,$2.83 / 100G,/shop/productdetails/106570/mr-chen-s-beef-teriyaki-dumplings
345040,Ben & Jerry's Ice Cream Chocolate Fudge Brownie 458ml Tub,$14.50,$3.17 / 100ML,/shop/productdetails/345040/ben-jerry-s-ice-cream-chocolate-fudge-brownie
161899,Gluten Free Bakehouse Gluten Free Snack Apple Pies 4 Pack,$6.00,$2.50 / 100G,/shop/productdetails/161899/gluten-free-bakehouse-gluten-free-snack-apple-pies
54616,Gluten Free Bakehouse Party Pack 12 Pack,$11.50,$2.40 / 100G,/shop/productdetails/54616/gluten-free-bakehouse-party-pack
121902,Ingham's Super Crunch Hot & Spicy Chicken Bites 325g,N/A,N/A,/shop/productdetails/121902/ingham-s-super-crunch-hot-spicy-chicken-bites
411280,Jase's Kitchen Frozen Pizza Base Gluten Free 2 Pack,$8.00,$2.11 / 100G,/shop/productdetails/411280/jase-s-kitchen-frozen-pizza-base-gluten-free
246721,"Birds Eye Ocean Selections Raw Prawns Frozen, Garlic And Herb Dusted 500g",$24.00,$48.00 / 1KG,/shop/productdetails/246721/birds-eye-ocean-selections-raw-prawns-frozen-garlic-and-herb-dusted
545667,Coco & Lucas' Spaghetti Bolognese Frozen Meal 220g,$5.30,$2.41 / 100G,/shop/productdetails/545667/coco-lucas-spaghetti-bolognese-frozen-meal
858555,Reese's Peanut Butter Chocolate Cone 4 Pack,$9.00,$1.91 / 100ML,/shop/productdetails/858555/reese-s-peanut-butter-chocolate-cone
245438,Beifang Sliced Pork Belly 225g,$7.00,$3.11 / 100G,/shop/productdetails/245438/beifang-sliced-pork-belly
221396,Core Powerfoods Beef Taco Bowl 350g,$9.50,$2.71 / 100G,/shop/productdetails/221396/core-powerfoods-beef-taco-bowl
485662,Magnum Ice Cream White Dessert Sticks 4 Pack,$10.50,$2.45 / 100ML,/shop/productdetails/485662/magnum-ice-cream-white-dessert-sticks
51741,Cadbury Freddo Cake 1.5l,$15.00,$1.00 / 100ML,/shop/productdetails/51741/cadbury-freddo-cake
633610,Connoisseur Mint With Cookies Ice Cream Tub 1l,$9.00,$0.90 / 100ML,/shop/productdetails/633610/connoisseur-mint-with-cookies-ice-cream-tub
243075,Gruvi Almond Crunch Ice Cream Sticks 4 Pack,$6.50,$2.17 / 100ML,/shop/productdetails/243075/sammontana-gruvi-almond-crunch-ice-cream-sticks
229360,Findus Crumbed Fish Fingers 350g,$6.50,$18.57 / 1KG,/shop/productdetails/229360/findus-crumbed-fish-fingers
212723,Mr Chen's Microwave Easy Snack Pack Prawn Hargow Dumplings 126g,$5.50,$4.37 / 100G,/shop/productdetails/212723/mr-chen-s-microwave-easy-snack-pack-prawn-hargow-dumplings
248005,Fropro Singles Salted Caramel Ice Cream Sticks 3 Pack,$10.00,$10.00 / 100ML,/shop/productdetails/248005/fropro-singles-salted-caramel-ice-cream-sticks
162316,Gluten Free Bakehouse Gluten Free Chicken & Leek Pies 2 Pack,$9.00,$2.65 / 100G,/shop/productdetails/162316/gluten-free-bakehouse-gluten-free-chicken-leek-pies
652578,Mr Chen's Gluten Free Prawn Hargow Dumpling 204g,$8.00,$3.92 / 100G,/shop/productdetails/652578/mr-chen-s-gluten-free-prawn-hargow-dumpling
161926,Gluten Free Bakehouse Tasty Cheese & Bacon Quiche 2 Pack,$6.50,$2.32 / 100G,/shop/productdetails/161926/gluten-free-bakehouse-tasty-cheese-bacon-quiche
441151,Ben & Jerry's Ice Cream The Tonight Dough Starring Jimmy Fallon 458ml Tub,$14.50,$3.17 / 100ML,/shop/productdetails/441151/ben-jerry-s-ice-cream-the-tonight-dough-starring-jimmy-fallon
6981,Birds Eye Wild Caught Deep Sea Dory Original Crumb 425g,$8.00,$18.82 / 1KG,/shop/productdetails/6981/birds-eye-wild-caught-deep-sea-dory-original-crumb
140267,Asp Scottish Kippers 335g,$8.00,$23.88 / 1KG,/shop/productdetails/140267/asp-scottish-kippers
285345,Birds Eye Plant Based Greek Lamb Strips 200g,$7.30,$3.65 / 100G,/shop/productdetails/285345/birds-eye-plant-based-greek-lamb-strips
73002,Fitness Outcomes Portuguese Chicken 350g,$7.00,$2.00 / 100G,/shop/productdetails/73002/fitness-outcomes-portuguese-chicken-null
270666,Sara Lee Cookie Pies Double Choc Chip 4 Pack,$9.50,$2.50 / 100G,/shop/productdetails/270666/sara-lee-cookie-pies-double-choc-chip
247406,Bubbleme Bubble Tea Frozen Dessert Classic Vanilla Bars 4 Pack,$5.25,$1.64 / 100G,/shop/productdetails/247406/bubbleme-bubble-tea-frozen-dessert-classic-vanilla-bars
297011,Lean Cuisine Veg'd Up Cottage Pie 335g,$7.00,$2.09 / 100G,/shop/productdetails/297011/lean-cuisine-veg-d-up-cottage-pie
83335,Mr Chen's Prawn Pad Thai Frozen Meal 350g,$8.00,$2.29 / 100G,/shop/productdetails/83335/mr-chen-s-prawn-pad-thai-frozen-meal
571952,Birds Eye South Atlantic Flathead 270g,$8.00,$29.63 / 1KG,/shop/productdetails/571952/birds-eye-south-atlantic-flathead
246720,Pana Organic Salted Mango & Macadamia Frozen Dessert Tub 950ml,$12.00,$1.26 / 100ML,/shop/productdetails/246720/pana-organic-salted-mango-macadamia-frozen-dessert-tub
247105,Fropro Singles Double Chocolate Ice Cream Sticks 3 Pack,$10.00,$10.00 / 100ML,/shop/productdetails/247105/fropro-singles-double-chocolate-ice-cream-sticks
116983,Halo Top Plant Based Choc Hazelnut Frozen Dessert 473ml,$10.50,$2.22 / 100ML,/shop/productdetails/116983/halo-top-plant-based-choc-hazelnut-frozen-dessert
247106,Connoisseur Salted Pretzel Ice Cream 4 Pack,$4.75,$1.19 / 100ML,/shop/productdetails/247106/connoisseur-salted-pretzel-ice-cream
348916,Ingham's Chicken Family Duets Creamy Garlic Frozen Meal 600g,$11.50,$19.17 / 1KG,/shop/productdetails/348916/ingham-s-chicken-family-duets-creamy-garlic-frozen-meal
657078,On The Menu Beer Battered Fish & Chips Frozen Meal 320g,$7.00,$2.19 / 100G,/shop/productdetails/657078/on-the-menu-beer-battered-fish-chips-frozen-meal
602034,Seng Hork Prawn & Pork Dumplings 500g,$7.50,$1.50 / 100G,/shop/productdetails/602034/seng-hork-prawn-pork-dumplings-null
672872,Core Powerfoods Core Powerfoods Holy Meatballs 350g,$9.50,$2.71 / 100G,/shop/productdetails/672872/core-powerfoods-holy-meatballs
285114,Marathon King Dim Sims  Beef & Pork 440g,$6.00,$1.36 / 100G,/shop/productdetails/285114/marathon-king-dim-sims-beef-pork
820973,Sailing Boat Gua Bao Steamed Bun 320g,$5.30,$1.66 / 100G,/shop/productdetails/820973/sailing-boat-gua-bao-steamed-bun
791397,Connoisseur Ice Cream Murray River Salted Caramel 1l Tub,$9.00,$0.90 / 100ML,/shop/productdetails/791397/connoisseur-ice-cream-murray-river-salted-caramel
229593,Findus Crumbed Fish Fingers 840g,$12.00,$14.29 / 1KG,/shop/productdetails/229593/findus-crumbed-fish-fingers
244650,Sammontana Gruvi Stracciatella Ice-cream 4 Pack,$6.50,$2.17 / 100ML,/shop/productdetails/244650/sammontana-gruvi-stracciatella-ice-cream
224667,Ingham's Airmazing Chicken Chipees 400g,$7.00,$17.50 / 1KG,/shop/productdetails/224667/ingham-s-airmazing-chicken-chipees
286347,Strength Meals Co Calorie Conscious Chicken & Mushroom Risotto 350g,$9.50,$2.71 / 100G,/shop/productdetails/286347/strength-meals-co-calorie-conscious-chicken-mushroom-risotto
285090,Strength Meals Co Carb Clever Chicken Tikka Masala 350g,$9.50,$2.71 / 100G,/shop/productdetails/285090/strength-meals-co-carb-clever-chicken-tikka-masala
130108,Woolworths Chicken Breast Fillets Garlic & Crumb 350g,$10.00,$28.57 / 1KG,/shop/productdetails/130108/woolworths-chicken-breast-fillets-garlic-crumb
485661,Magnum Ice Cream Peppermint Dessert Sticks 107ml X 4 Pack,$10.50,$2.45 / 100ML,/shop/productdetails/485661/magnum-ice-cream-peppermint-dessert-sticks
215549,Mr Chen's Microwave Easy Snack Pack Bbq Pork Buns 110g,$5.50,$5.00 / 100G,/shop/productdetails/215549/mr-chen-s-microwave-easy-snack-pack-bbq-pork-buns
161747,Gluten Free Bakehouse Gluten Free Corn Black Bean & Jalapeno Fritters 9 Pack,$4.00,$2.22 / 100G,/shop/productdetails/161747/gluten-free-bakehouse-gluten-free-corn-black-bean-jalapeno-fritters
132635,I Mei Oriental Green Onion Pancakes 5 Pack,$4.30,$0.82 / 100G,/shop/productdetails/132635/i-mei-oriental-green-onion-pancakes
187163,Birds Eye Ocean Selections Barramundi Fish Fillet Skin On Korean Bbq 2 Pack,N/A,N/A,/shop/productdetails/187163/birds-eye-ocean-selections-barramundi-fish-fillet-skin-on-korean-bbq
674016,Haagen-dazs Caramel Biscuit & Cream Ice Cream Tub 457ml,$13.50,$2.95 / 100ML,/shop/productdetails/674016/haagen-dazs-caramel-biscuit-cream-ice-cream-tub
288046,Bibigo Mandu Kimchi Flavoured Dumplings 280g,$8.50,$3.04 / 100G,/shop/productdetails/288046/bibigo-mandu-kimchi-flavoured-dumplings
285820,Haldiram's Gluten Free Tandoori Naan 4 Pack,$5.90,$1.84 / 100G,/shop/productdetails/285820/haldiram-s-gluten-free-tandoori-naan
89827,Sailing Seas Fish Ball 500g,$4.90,$0.98 / 100G,/shop/productdetails/89827/sailing-seas-fish-ball
288155,Strength Meals Co Calorie Conscious Grilled Chicken Dinner 350g,$9.50,$2.71 / 100G,/shop/productdetails/288155/strength-meals-co-calorie-conscious-grilled-chicken-dinner
111368,Birds Eye Deli Flathead Fish Bites Crisp Light Batter 250g,$10.00,$40.00 / 1KG,/shop/productdetails/111368/birds-eye-deli-flathead-fish-bites-crisp-light-batter
120378,Bulla Creamy Classics Neapolitan Tub 2l,$6.80,$0.34 / 100ML,/shop/productdetails/120378/bulla-creamy-classics-neapolitan-tub
231194,Bulla Murray St Ice Creamery Vanilla & Boysenberry Swirl Ice Cream 1l,$12.00,$1.20 / 100ML,/shop/productdetails/231194/bulla-murray-st-ice-creamery-vanilla-boysenberry-swirl-ice-cream
239723,Halo Top Salted Caramel Ice Cream Tub 473ml,$10.50,$2.22 / 100ML,/shop/productdetails/239723/halo-top-salted-caramel-ice-cream-tub
117705,Much Moore Awesome Hokey Pokey Ice Cream Tub 2l,$11.00,$0.55 / 100ML,/shop/productdetails/117705/much-moore-awesome-hokey-pokey-ice-cream-tub
289394,Bibigo Mini Mandu Prawn Dumplings 270g,$8.50,$3.15 / 100G,/shop/productdetails/289394/bibigo-mini-mandu-prawn-dumplings
545628,Coco & Lucas' Beef Cottage Pie 220g,$5.30,$2.41 / 100G,/shop/productdetails/545628/coco-lucas-beef-cottage-pie-null
66711,Ingham's Free Range Chicken Breast Ciabatta Parsley Crumb Frozen 300g,$10.65,$35.50 / 1KG,/shop/productdetails/66711/ingham-s-free-range-chicken-breast-ciabatta-parsley-crumb-frozen
185044,Ingham's Frozen Crumbed Chicken Chipees 1kg,$13.00,$13.00 / 1KG,/shop/productdetails/185044/ingham-s-frozen-crumbed-chicken-chipees
245354,Just Caught Classic Crumbed Prawns 500g,$14.00,$28.00 / 1KG,/shop/productdetails/245354/just-caught-classic-crumbed-prawns
179243,Captain's Choice Crumbed Fish Fingers 36 Pack,$9.00,$10.00 / 1KG,/shop/productdetails/179243/sealord-australia-pty-ltd-captain-s-choice-crumbed-fish-fingers
223870,Katz Gluten Free Glazed Donuts 397g,$8.00,$2.02 / 100G,/shop/productdetails/223870/acit-import-exports-katz-gluten-free-glazed-donuts
164629,Jose's Cantina Quesadilla Cheesy Beef 2 Pack,$6.00,$2.00 / 100G,/shop/productdetails/164629/joses-cantina-jose-s-cantina-quesadilla-cheesy-beef
221067,Core Powerfoods Naked Parmigiana 350g,$9.50,$2.71 / 100G,/shop/productdetails/221067/core-powerfoods-naked-parmigiana
170881,Halo Top Cookies & Cream Frozen Dessert Tub 473ml,$10.50,$2.22 / 100ML,/shop/productdetails/170881/halo-top-cookies-cream-frozen-dessert-tub
188663,Samanco Red Bean Dessert Sandwich 4 Pack,$10.00,$1.67 / 100ML,/shop/productdetails/188663/samanco-red-bean-dessert-sandwich
276824,Bulla Creamy Classics Cookies & Cream 4 Pack,$4.50,$0.80 / 100ML,/shop/productdetails/276824/bulla-creamy-classics-cookies-cream
560626,Much Moore Awesome Cookie Dough Ice Cream Tub 2l,$11.00,$0.55 / 100ML,/shop/productdetails/560626/much-moore-awesome-cookie-dough-ice-cream-tub
5371,Ocean Chef Flathead In Crunchy Batter 500g,$12.00,$24.00 / 1KG,/shop/productdetails/5371/ocean-chef-flathead-in-crunchy-batter
787450,Tak Hing Bbq Pork Bao 4 Pack,$4.50,$1.64 / 100G,/shop/productdetails/787450/tak-hing-bbq-pork-bao
204040,Genobile Saba Premium Garlic Pizza Base 320g,$7.50,$2.34 / 100G,/shop/productdetails/204040/genobile-saba-premium-garlic-pizza-base
222400,Frys Plant-based Popcorn Chick'n 290g,$7.50,$2.59 / 100G,/shop/productdetails/222400/frys-plant-based-popcorn-chick-n
246959,Bubbleme Bubble Tea Icecream Stawberry Strawberry 320g,$5.25,$1.64 / 100G,/shop/productdetails/246959/bubbleme-bubble-tea-icecream-stawberry-strawberry
245281,Just Caught Multiseed Whiting Fillets 800g,$14.00,$17.50 / 1KG,/shop/productdetails/245281/just-caught-multiseed-whiting-fillets
515712,Mr Chen's Steamed Prawn Roll 300g,$8.50,$2.83 / 100G,/shop/productdetails/515712/mr-chen-s-steamed-prawn-roll
202306,Amoy Shrimp Shaomai 130g,$5.20,$4.00 / 100G,/shop/productdetails/202306/amoy-shrimp-shaomai
217167,Pie Society Chunky Steak & Field Mushroom 2 Pack,$8.00,$1.82 / 100G,/shop/productdetails/217167/pie-society-chunky-steak-field-mushroom
55364,The Gluten Free Meal Co Butter Chicken With Rice 375g,$5.50,$1.47 / 100G,/shop/productdetails/55364/the-gluten-free-meal-co-butter-chicken-with-rice
214155,Coco & Lucas' Kitchen Chicken Fried Rice 270g,$6.50,$2.41 / 100G,/shop/productdetails/214155/coco-lucas-kitchen-chicken-fried-rice
279982,Denada Sugar Free Ice Cream Chocolate 475ml,$12.00,$2.53 / 100ML,/shop/productdetails/279982/denada-sugar-free-ice-cream-chocolate
217100,Amy's Kitchen Broccoli & Cheddar Bake 270g,$8.30,$3.07 / 100G,/shop/productdetails/217100/amy-s-kitchen-broccoli-cheddar-bake
815793,Hershey's Cookies & Cream Sticks 4 Pack,$7.00,$1.94 / 100ML,/shop/productdetails/815793/hersheys-cookies-cream-sticks
232126,Bulla Murray St Ice Creamery Honey & Salted Caramel Peanut Icecream 1l,$12.00,$1.20 / 100ML,/shop/productdetails/232126/bulla-murray-st-ice-creamery-honey-salted-caramel-peanut-icecream
571926,I&j Wild Caught Salt & Pepper Calamari Rings Lightly Crumbed 360g,$8.00,$22.22 / 1KG,/shop/productdetails/571926/i-j-wild-caught-salt-pepper-calamari-rings-lightly-crumbed
141706,On The Menu Pub Favourites Beef Meatloaf 320g,$7.00,$2.19 / 100G,/shop/productdetails/141706/on-the-menu-pub-favourites-beef-meatloaf-null
348630,Ben & Jerry's Half Baked Ice Cream 458ml,$14.50,$3.17 / 100ML,/shop/productdetails/348630/ben-jerry-s-half-baked-ice-cream
285072,Marathon Chicken King Dim Sims 440g,$6.00,$1.36 / 100G,/shop/productdetails/285072/marathon-chicken-king-dim-sims
251991,Mr Chens Bbq Pork Buns 550g,$13.00,$2.36 / 100G,/shop/productdetails/251991/mr-chens-bbq-pork-buns
348629,Ben & Jerry's Triple Caramel Chunk Ice Cream 458ml,$14.50,$3.17 / 100ML,/shop/productdetails/348629/ben-jerry-s-triple-caramel-chunk-ice-cream
60175,Mr Chen's Dumpling Favourites 500g,$9.00,$1.80 / 100G,/shop/productdetails/60175/mr-chen-s-dumpling-favourites
288053,Strength Meals Co Carb Clever Mexican Pork & Beef 350g,$9.50,$2.71 / 100G,/shop/productdetails/288053/strength-meals-co-carb-clever-mexican-pork-beef
242936,Ben & Jerry's This Is Our World Ice Cream Tub 458ml,$14.50,$3.17 / 100ML,/shop/productdetails/242936/ben-jerry-s-this-is-our-world-ice-cream-tub
180088,Hershey's Chocolate Ripple Ice Cream Tub 1l,$9.00,$0.90 / 100ML,/shop/productdetails/180088/hersheys-chocolate-ripple-ice-cream-tub
220005,Mrs Macs Brush & Bake Pork & Sweet Chilli Rolls 2 Pack,$7.50,$1.88 / 100G,/shop/productdetails/220005/mrs-macs-brush-bake-pork-sweet-chilli-rolls
160012,Mr Chen's Prawn Gyoza Dumplings 500g,$9.00,$1.80 / 100G,/shop/productdetails/160012/mr-chen-s-prawn-gyoza-dumplings
296519,On The Menu Loaded Mac & Cheese 400g,$6.00,$1.50 / 100G,/shop/productdetails/296519/on-the-menu-loaded-mac-cheese
206334,"Woolworths Broccoli, Bacon & Leek Egg Bites 6 Pack",$4.90,$2.45 / 100G,/shop/productdetails/206334/woolworths-broccoli-bacon-leek-egg-bites
212010,Dineamic Butter Chicken With Turmeric Rice & Currants 320g,$9.00,$2.81 / 100G,/shop/productdetails/212010/dineamic-butter-chicken-with-turmeric-rice-currants
247436,Fropro Sngles Classic Vanilla Ice Cream Sticks 3 Pack,$10.00,$3.33 / 100ML,/shop/productdetails/247436/fropro-sngles-classic-vanilla-ice-cream-sticks
243485,Blue Ribbon Delicious Duo Caramel Hokey Pokey 2l,$7.00,$0.35 / 100ML,/shop/productdetails/243485/blue-ribbon-delicious-duo-caramel-hokey-pokey
125500,Connoisseur Plant Based Hazelnut Chocolate Ice Cream Tub 1l,$9.00,$0.90 / 100ML,/shop/productdetails/125500/connoisseur-plant-based-hazelnut-chocolate-ice-cream-tub
52245,Fropro Dairy Free Chocolate Frozen Dessert 473ml,$10.00,$2.11 / 100ML,/shop/productdetails/52245/fropro-dairy-free-chocolate-frozen-dessert
137651,Four'n Twenty Snack Pack 24 Pack,$10.80,$0.98 / 100G,/shop/productdetails/137651/four-n-twenty-snack-pack
710591,Golden Wok Diana Chan Thai Chicken Dumpling 230g,N/A,N/A,/shop/productdetails/710591/golden-wok-diana-chan-thai-chicken-dumpling
179975,Fitness Outcomes Beef Rendang With Broccoli & Brown Rice Frozen Meal 350g,$7.00,$2.00 / 100G,/shop/productdetails/179975/fitness-outcomes-beef-rendang-with-broccoli-brown-rice-frozen-meal
109742,I&j Fish Fillets Lemon Crumb 1kg,$13.00,$13.00 / 1KG,/shop/productdetails/109742/i-j-fish-fillets-lemon-crumb
304349,Lean Cuisine Veg'd Up Tuna Bake 310g,$7.00,$2.26 / 100G,/shop/productdetails/304349/lean-cuisine-veg-d-up-tuna-bake
202819,Della Rosa Quattro Formaggi Pizza 400g,$7.00,$1.75 / 100G,/shop/productdetails/202819/della-rosa-quattro-formaggi-pizza
763186,Golden Wok Diana Chan Szechuan Peppered Pork Dumpling 230g,N/A,N/A,/shop/productdetails/763186/golden-wok-diana-chan-szechuan-peppered-pork-dumpling
130109,Woolworths Chicken Breast Fillets Chilli & Garlic 350g,$10.00,$28.57 / 1KG,/shop/productdetails/130109/woolworths-chicken-breast-fillets-chilli-garlic
726383,Ingham's Free Range Chicken Breast Garlic Butter Kievs Frozen 350g,$13.00,$37.14 / 1KG,/shop/productdetails/726383/ingham-s-free-range-chicken-breast-garlic-butter-kievs-frozen
251566,Kb's Pork Gyoza 1kg,$22.70,$2.27 / 100G,/shop/productdetails/251566/kb-s-pork-gyoza
485663,Magnum Ice Cream Honeycomb Crunch Dessert Sticks 4 Pack 428ml,$10.50,$2.45 / 100ML,/shop/productdetails/485663/magnum-ice-cream-honeycomb-crunch-dessert-sticks-4-pack
299489,On The Menu Butter Chicken 400g,$6.00,$1.50 / 100G,/shop/productdetails/299489/on-the-menu-butter-chicken
787477,Tak Hing Egg Custard Bao 6 Pack,$4.50,$1.27 / 100G,/shop/productdetails/787477/tak-hing-egg-custard-bao
221192,"Mrs Macs Brush & Bake Steak, Cheese & Bacon Pies 2 Pack",N/A,N/A,/shop/productdetails/221192/mrs-macs-brush-bake-steak-cheese-bacon-pies
780056,Oob Organic Frozen Diced Mango 500g,$10.50,$21.00 / 1KG,/shop/productdetails/780056/oob-organic-frozen-diced-mango
130107,Woolworths Chicken Breast Fillets Cajun Style Crumb 350g,$10.00,$28.57 / 1KG,/shop/productdetails/130107/woolworths-chicken-breast-fillets-cajun-style-crumb
164046,Harry Hoo & Co Gluten Free Beef Dim Sims 300g,$6.00,$2.00 / 100G,/shop/productdetails/164046/harry-hoo-pty-ltd-harry-hoo-co-gluten-free
245443,Just Caught Classic Crumbed Seafood Basket 500g,$14.00,$28.00 / 1KG,/shop/productdetails/245443/just-caught-classic-crumbed-seafood-basket
134671,Ben & Jerry's Cookie Dough S'wich Up Ice Cream Tub 458ml,$14.50,$3.17 / 100ML,/shop/productdetails/134671/ben-jerry-s-cookie-dough-s-wich-up-ice-cream-tub
243646,Bulla Murray St Caramel Swirl & Shortbread Pieces Ice Cream 1l,$12.00,$1.20 / 100ML,/shop/productdetails/243646/bulla-murray-st-caramel-swirl-shortbread-pieces-ice-cream
222823,Woolworths Southern Style Crumb Snapper 320g,$10.00,$31.25 / 1KG,/shop/productdetails/222823/woolworths-southern-style-crumb-snapper
229358,Findus Battered Fish Fillets 200g,$4.50,$22.50 / 1KG,/shop/productdetails/229358/findus-battered-fish-fillets
54134,Macro Organic Cauliflower 450g,N/A,N/A,/shop/productdetails/54134/macro-organic-cauliflower
672866,Core Powerfoods  Core Powerfoods Smokey Mountain Meatballs 350g,$9.50,$2.71 / 100G,/shop/productdetails/672866/core-powerfoods-smokey-mountain-meatballs
602036,Seng Hork Beef Dumplings 500g,$7.50,$1.50 / 100G,/shop/productdetails/602036/seng-hork-beef-dumplings-null
247724,Connoisseur Butterscotch & Gingerbread Ice Cream 1l,$9.00,$0.90 / 100ML,/shop/productdetails/247724/connoisseur-butterscotch-gingerbread-ice-cream
246948,Denada Peanut Butter Choc Bit Ice Cream Sugar Free 475ml,$12.00,$2.53 / 100ML,/shop/productdetails/246948/denada-peanut-butter-choc-bit-ice-cream-sugar-free
204711,I&j Frozen Fish Goujons Lightly Crumbed 800g,$10.50,$13.13 / 1KG,/shop/productdetails/204711/i-j-frozen-fish-goujons-lightly-crumbed
277810,Cadbury Dairy Milk Ice Cream Tub 460ml,$12.00,$2.61 / 100ML,/shop/productdetails/277810/cadbury-dairy-milk-ice-cream-tub
225715,Much Moore Chocolate Cookies & Fudge Ice Cream 1l,$6.50,$0.65 / 100ML,/shop/productdetails/225715/much-moore-chocolate-cookies-fudge-ice-cream
130110,Woolworths Italian Style Crumb Chicken Fillets 350g,$10.00,$28.57 / 1KG,/shop/productdetails/130110/woolworths-italian-style-crumb-chicken-fillets
348627,Ben & Jerry's Phish Food Chocolate Ice Cream 458ml,$14.50,$3.17 / 100ML,/shop/productdetails/348627/ben-jerry-s-phish-food-chocolate-ice-cream
229359,Findus Crumbed Fish Fillets 200g,$4.50,$22.50 / 1KG,/shop/productdetails/229359/findus-crumbed-fish-fillets
178461,On The Menu Big Feast Beef Cutlet With Mash Frozen Meal 480g,$8.00,$1.67 / 100G,/shop/productdetails/178461/on-the-menu-big-feast-beef-cutlet-with-mash-frozen-meal
187586,Buono Mochi Ice Cool Mix 6 Pack,$7.50,$4.81 / 100G,/shop/productdetails/187586/buono-mochi-ice-cool-mix
227403,Ingham's Chicken Munchies Original 1kg,N/A,N/A,/shop/productdetails/227403/ingham-s-chicken-munchies-original
251570,Mr Chen's Truffle Mushroom Dumplings 240g,$10.00,$4.17 / 100G,/shop/productdetails/251570/mr-chen-s-truffle-mushroom-dumplings
221252,Fropro Protein Burrito Sausage & Egg 245g,$6.00,$2.45 / 100G,/shop/productdetails/221252/fropro-protein-burrito-sausage-egg
245494,Just Caught Salt & Pepper Prawns 500g,$14.00,$28.00 / 1KG,/shop/productdetails/245494/just-caught-salt-pepper-prawns
281482,Mr Chen's Satay Chicken Dumplings 260g,$8.50,$3.27 / 100G,/shop/productdetails/281482/mr-chen-s-satay-chicken-dumplings
172411,Umami Grilled Vegan Gyoza 330g,$7.90,$2.39 / 100G,/shop/productdetails/172411/umami-grilled-vegan-gyoza
72545,Fitness Outcomes Beef Bolognese Frozen Meal 350g,$7.00,$2.00 / 100G,/shop/productdetails/72545/fitness-outcomes-beef-bolognese-frozen-meal
277812,Bulla Creamy Classics Choc Vanilla  Ice Creams 4 Pack,$5.20,$1.44 / 100ML,/shop/productdetails/277812/bulla-creamy-classics-choc-vanilla-ice-creams
241117,Ben & Jerry's Topped Tirumisu Ice Cream Tub 436ml,$14.50,$3.33 / 100ML,/shop/productdetails/241117/ben-jerry-s-topped-tirumisu-ice-cream-tub
277466,Haagen-dazs Signature Collection Ice Cream Little Cups 4x95ml,$13.50,$3.55 / 100ML,/shop/productdetails/277466/haagen-dazs-signature-collection-ice-cream-little-cups
219287,Mrs Macs Brush & Bake Pepper Steak Pies 2 Pack,$7.50,$1.88 / 100G,/shop/productdetails/219287/mrs-macs-brush-bake-pepper-steak-pies
224821,Much Moore Cookies & Cream Ice Cream 1l,$6.50,$0.65 / 100ML,/shop/productdetails/224821/much-moore-much-moore-cookies-cream-ice-cream
53610,Haagen-dazs Fruit Collection Ice Cream Little Cups 4x95ml,$13.50,$3.55 / 100ML,/shop/productdetails/53610/haagen-dazs-fruit-collection-ice-cream-little-cups
251045,Mr Chen's Wagyu Beef & Black Pepper Dumplings 240g,$10.00,$4.17 / 100G,/shop/productdetails/251045/mr-chen-s-wagyu-beef-black-pepper-dumplings
206333,"Woolworths Chicken, Cheese & Spinach Balls 8 Pack",N/A,N/A,/shop/productdetails/206333/woolworths-chicken-cheese-spinach-balls
222824,Woolworths Multigrain Hoki Fish Fingers 400g,$10.00,$25.00 / 1KG,/shop/productdetails/222824/woolworths-multigrain-hoki-fish-fingers
278218,Cadbury Caramello Ice Cream Tub 460ml,$12.00,$2.61 / 100ML,/shop/productdetails/278218/cadbury-caramello-ice-cream-tub
277299,Cadbury Caramilk Ice Cream Tub 460ml,$12.00,$2.61 / 100ML,/shop/productdetails/277299/cadbury-caramilk-ice-cream-tub
119867,Bulla Murray Street Caramel Maple & Macadamia 4 Pack,$7.00,$1.75 / 100ML,/shop/productdetails/119867/bulla-murray-street-caramel-maple-macadamia
120562,Bulla Murray Street Vanilla Bean & Chocolate Almond Sticks 4 Pack,$7.00,$1.75 / 100ML,/shop/productdetails/120562/bulla-murray-street-vanilla-bean-chocolate-almond-sticks
242080,Blue Ribbon Delicious Duos Choc Affair 2l,$7.00,$0.35 / 100ML,/shop/productdetails/242080/blue-ribbon-delicious-duos-choc-affair
275232,We Knead Donuts Chocolate Iced & Strawberry Iced 2 Pack,$8.50,$5.00 / 100G,/shop/productdetails/275232/we-knead-donuts-chocolate-iced-strawberry-iced
213239,Earth Plant Based Fried Rice With Tofu & Veggies 350g,$8.80,$2.51 / 100G,/shop/productdetails/213239/earth-plant-based-fried-rice-with-tofu-veggies
269494,Much Moore Awesome Foursome Ice Cream Tub 2l,$11.00,$0.55 / 100ML,/shop/productdetails/269494/much-moore-awesome-foursome-ice-cream-tub
221137,Temptation Bakeries Pastry Puffs Chicken Parmy 12 Pack,$6.50,$3.01 / 100G,/shop/productdetails/221137/temptation-bakeries-pastry-puffs-chicken-parmy
136905,Woolworths Lasagne Bites 200g,$4.80,$2.40 / 100G,/shop/productdetails/136905/woolworths-lasagne-bites
213886,Coco & Lucas' Kitchen Beef Lasagne 270g,$6.50,$2.41 / 100G,/shop/productdetails/213886/coco-lucas-kitchen-beef-lasagne
681526,Haagen-dazs Cookies & Cream Ice Cream Tub 457ml,$13.50,$2.95 / 100ML,/shop/productdetails/681526/haagen-dazs-cookies-cream-ice-cream-tub
53604,Much Moore Awesome Boysenberry Ice Cream Tub 2l,$11.00,$0.55 / 100ML,/shop/productdetails/53604/mm-much-moore-awesome-boysenberry-ice-cream-tub
53506,Much Moore Passionfruit & White Chocolate Ice Cream 1l,$6.50,$0.65 / 100ML,/shop/productdetails/53506/mm-much-moore-passionfruit-white-chocolate-ice-cream
212235,Cadbury Caramilk Mousse Cake 450g,$13.50,$3.00 / 100G,/shop/productdetails/212235/cadbury-caramilk-mousse-cake
271435,Cadbury Dairy Milk Chocolate Pudding 560g,$12.00,$2.14 / 100G,/shop/productdetails/271435/cadbury-dairy-milk-chocolate-pudding
245016,Pana Organic Hazelnut Frozen Dessert Sticks 4 Pack,$10.00,$2.78 / 100ML,/shop/productdetails/245016/pana-organic-hazelnut-frozen-dessert-sticks
119795,Hinterland Jersey Caramel Macadamia Ice Cream Tub 1l,$8.50,$0.85 / 100ML,/shop/productdetails/119795/hinterland-jersey-caramel-macadamia-ice-cream-tub
141009,Woolworths Potato & Bacon Bake 750g,$11.60,$1.55 / 100G,/shop/productdetails/141009/woolworths-potato-bacon-bake-null
72566,Fitness Outcomes Beef Chilli Con Carne Frozen Meal 350g,$7.00,$2.00 / 100G,/shop/productdetails/72566/fitness-outcomes-beef-chilli-con-carne-frozen-meal
245074,Just Caught Beer Battered Whiting Bites 800g,$14.00,$17.50 / 1KG,/shop/productdetails/245074/just-caught-beer-battered-whiting-bites
245307,Just Caught Flaming Crumbed Prawns 500g,$14.00,$28.00 / 1KG,/shop/productdetails/245307/just-caught-flaming-crumbed-prawns
178474,On The Menu Big Feast Chicken & Chorizo Penne Pasta Frozen Meal 480g,$8.00,$1.67 / 100G,/shop/productdetails/178474/on-the-menu-big-feast-chicken-chorizo-penne-pasta-frozen-meal
277137,Bulla Creamy Classics Ice Cream Vanilla 4 Pack,$5.20,$1.44 / 100ML,/shop/productdetails/277137/bulla-creamy-classics-ice-cream-vanilla
83465,Mr Chen's Seafood Singapore Noodles 350g,$8.00,$2.29 / 100G,/shop/productdetails/83465/mr-chen-s-seafood-singapore-noodles-null
212401,Dineamic Beef Meatballs In Napoli With Spiral Pasta 320g,$9.00,$2.81 / 100G,/shop/productdetails/212401/dineamic-beef-meatballs-in-napoli-with-spiral-pasta
799723,Much Moore Awesome Foursome Cravings Ice Cream Tub 2l,$11.00,$1.10 / 100ML,/shop/productdetails/799723/much-moore-awesome-foursome-cravings-ice-cream-tub
196754,Ben & Jerry's Chewy Gooey Cookie Ice Cream Tub 458ml,$14.50,$3.17 / 100ML,/shop/productdetails/196754/ben-jerry-s-chewy-gooey-cookie-ice-cream-tub
243524,Haagen-dazs Vanilla Caramel Brownie Ice Cream Tub 457ml,$13.50,$2.95 / 100ML,/shop/productdetails/243524/haagen-dazs-vanilla-caramel-brownie-ice-cream-tub
119782,Hinterland Espresso With Choc Almonds Ice Cream Tub 1l,$8.50,$0.85 / 100ML,/shop/productdetails/119782/hinterland-espresso-with-choc-almonds-ice-cream-tub
217773,"Liz & Betty Bitesize Cheese Puffs Gouda, Parmesan, Cheddar 10 Pack",$10.00,$6.67 / 100G,/shop/productdetails/217773/liz-betty-bitesize-cheese-puffs-gouda-parmesan-cheddar
239603,Ben & Jerry's Topped Pb Over The Top Ice Cream 436ml,$14.50,$3.33 / 100ML,/shop/productdetails/239603/ben-jerry-s-topped-pb-over-the-top-ice-cream
244001,Just Caught Classic Crumbed Whiting Coujons 800g,$14.00,$17.50 / 1KG,/shop/productdetails/244001/just-caught-classic-crumbed-whiting-coujons
821035,Potong Coconut Milk & Durian Pops 6 Pack,$6.90,$1.92 / 100ML,/shop/productdetails/821035/potong-coconut-milk-durian-pops
274968,We Knead Donuts White Choc Hazelnut & Choc Caramel 2 Pack,$8.50,$4.72 / 100G,/shop/productdetails/274968/we-knead-donuts-white-choc-hazelnut-choc-caramel
216671,Cheesebuddy Brazilian Cheese Bread Cheese & Garlic 450g,$6.60,$1.47 / 100G,/shop/productdetails/216671/cheesebuddy-brazilian-cheese-bread-cheese-garlic
279943,Mr Chen's Sweet & Sour Pork Dumplings 260g,$8.50,$3.27 / 100G,/shop/productdetails/279943/mr-chen-s-sweet-sour-pork-dumplings
83597,Mr Chen's Prawn Gyoza Noodles 350g,$8.00,$2.29 / 100G,/shop/productdetails/83597/mr-chen-s-prawn-gyoza-noodles-null
155699,Be Fit Food Wholemeal Beef Lasagne Frozen Meal 275g,$13.90,$5.05 / 100G,/shop/productdetails/155699/be-fit-food-wholemeal-be-fit-food-wholemeal-beef-lasagne-frozen-meal
243147,Blue Ribbon Delicious Duo Berry Passion Pavlova 2l,$7.00,$0.35 / 100ML,/shop/productdetails/243147/blue-ribbon-delicious-duo-berry-passion-pavlova
242105,Haagen-dazs Duo Vanilla Brownie & Raspberry Crunch Ice Cream Tub 420ml,$13.50,$3.21 / 100ML,/shop/productdetails/242105/haagen-dazs-duo-vanilla-brownie-raspberry-crunch-ice-cream-tub
275940,Bulla Creamy Classics Choc Hazelnut 4 Pack,$5.20,$1.44 / 100ML,/shop/productdetails/275940/bulla-creamy-classics-choc-hazelnut
214108,Coco Earth Butter Chicken For Two Serving For Two 500g,$10.50,$2.10 / 100G,/shop/productdetails/214108/coco-earth-butter-chicken-for-two-serving-for-two
161624,Mara Burek With Cheese 600g,$8.80,$1.47 / 100G,/shop/productdetails/161624/marco-polo-mara-burek-with-cheese
820975,Potong Coconut Milk & Red Bean Pops 6 Pack,$6.90,$1.92 / 100ML,/shop/productdetails/820975/potong-coconut-milk-red-bean-pops
153268,Hinterland Passionfruit Ripple Ice Cream 1l,$8.50,$0.85 / 100ML,/shop/productdetails/153268/hinterland-passionfruit-ripple-ice-cream
220064,Chupa Chups Strawberry & Creamy Vanilla Cones 4 Pack,$9.00,$1.73 / 100ML,/shop/productdetails/220064/chupa-chups-strawberry-creamy-vanilla-cones
221075,Always Fresh Cocktail Bites Tomato & Herb Pizzattes 198g,$8.00,$4.04 / 100G,/shop/productdetails/221075/always-fresh-cocktail-bites-tomato-herb-pizzattes
278423,Just Caught Southern Style Whiting Bites 800g,$14.00,$17.50 / 1KG,/shop/productdetails/278423/just-caught-southern-style-whiting-bites
182479,New Chinese Garden Honey Chicken Gluten Free Meal Kit Frozen Meal 320g,$8.50,$2.66 / 100G,/shop/productdetails/182479/new-chinese-garden-honey-chicken-gluten-free-meal-kit-frozen-meal
222822,Woolworths Lemon Brumb Barramundi 320g,$10.00,$31.25 / 1KG,/shop/productdetails/222822/woolworths-lemon-brumb-barramundi
180394,Bulla Murray St Hazelnut & Fudge Swirl Ice Cream Sticks 4 Pack,$7.00,$1.75 / 100ML,/shop/productdetails/180394/bulla-murray-st-hazelnut-fudge-swirl-ice-cream-sticks
212385,Dineamic Lemon Olive Chicken Tagine With Chat Potatoes 320g,$9.00,$2.81 / 100G,/shop/productdetails/212385/dineamic-lemon-olive-chicken-tagine-with-chat-potatoes
216695,Magnum Sweet & Salty Almond Remix Ice Cream 440ml,$10.50,$2.39 / 100ML,/shop/productdetails/216695/magnum-sweet-salty-almond-remix-ice-cream
129711,Amoy Glutinous Rice Dumpling With Xoi Do Bien 3 Pack,$5.20,$2.89 / 100G,/shop/productdetails/129711/amoy-glutinous-rice-dumpling-with-xoi-do-bien
157522,Be Fit Food Satay Chicken 223g,$13.90,$6.23 / 100G,/shop/productdetails/157522/be-fit-food-satay-chicken-null
240246,Sara Lee Deluxe Chocolate & Salted Caramel Semifreddo 1.3l,$15.00,$1.15 / 100ML,/shop/productdetails/240246/sara-lee-deluxe-chocolate-salted-caramel-semifreddo
252214,Mr Chen's Five Spice Pork Dumplings 240g,$10.00,$4.17 / 100G,/shop/productdetails/252214/mr-chen-s-five-spice-pork-dumplings
221808,Temptation Bakeries Pastry Puffs Cheeseburger 12 Pack,$6.50,$3.01 / 100G,/shop/productdetails/221808/temptation-bakeries-pastry-puffs-cheeseburger
215393,Cheesebuddy Brazillian Cheese Bread Chilli 450g,$4.90,$1.09 / 100G,/shop/productdetails/215393/cheesebuddy-brazillian-cheese-bread-chilli
120027,Hinterland Burnt Butter With Caramel Sauce Ice Cream Tub 1l,$8.50,$0.85 / 100ML,/shop/productdetails/120027/hinterland-burnt-butter-with-caramel-sauce-ice-cream-tub
55038,Coco & Lucas' Meatless Cottage Pie 350g,$8.80,$2.51 / 100G,/shop/productdetails/55038/coco-lucas-meatless-cottage-pie-null
299516,Lean Cuisine Veg'd Up Classics Beef Lasagne 350g,$7.00,$2.00 / 100G,/shop/productdetails/299516/lean-cuisine-veg-d-up-classics-beef-lasagne
169494,Eastern Kitchen Kara-age Chicken 700g,$15.00,$2.14 / 100G,/shop/productdetails/169494/eastern-kitchen-kara-age-chicken
214146,Coco Earth Palak Paneer For Two Serving For Two 500g,$10.50,$2.10 / 100G,/shop/productdetails/214146/coco-earth-palak-paneer-for-two-serving-for-two
270895,Sara Lee Deluxe Snack Cookie Pies Chocolate & Salted Caramel 4 Pack,$9.50,$2.50 / 100G,/shop/productdetails/270895/sara-lee-deluxe-snack-cookie-pies-chocolate-salted-caramel
243578,Bulla Murray St Daintree Honey Swirl & Biscuit Pieces Ice Cream 4 Pack,$7.00,$1.75 / 100ML,/shop/productdetails/243578/bulla-murray-st-daintree-honey-swirl-biscuit-pieces-ice-cream
187432,Hanabi Seedless Jack Fruit 400g,$4.50,$1.13 / 100G,/shop/productdetails/187432/hanabi-seedless-jack-fruit
221142,Always Fresh Cocktail Bites French Canapes 228g,$8.00,$3.51 / 100G,/shop/productdetails/221142/always-fresh-cocktail-bites-french-canapes
132205,I Mei Brown Sugar Pearl Milk Ice Bar 4 Pack,$11.00,$3.44 / 100G,/shop/productdetails/132205/i-mei-brown-sugar-pearl-milk-ice-bar
181927,Peters Dixie Cups Vanilla Ice Cream 4 Pack,N/A,N/A,/shop/productdetails/181927/peters-dixie-cups-vanilla-ice-cream
678142,Streets Golden Gaytime Chocolate Mint 4 Pack,N/A,N/A,/shop/productdetails/678142/streets-golden-gaytime-chocolate-mint
731021,On The Menu Fish Fillets In Lemon & Parsley 320g,N/A,N/A,/shop/productdetails/731021/on-the-menu-fish-fillets-in-lemon-parsley
724934,On The Menu Morrocan Meat Balls 320g,N/A,N/A,/shop/productdetails/724934/on-the-menu-morrocan-meat-balls-null
623653,Pepe's Frozen Duck No. 23 2.3kg,N/A,N/A,/shop/productdetails/623653/pepe-s-frozen-duck-no-23
663678,Pepe's Frozen Duck No25 2.5kg,N/A,N/A,/shop/productdetails/663678/pepe-s-frozen-duck-no25
