231811,Macro Pumpkin Kernels 250g,$4.00,$16.00 / 1KG,/shop/productdetails/231811/macro-pumpkin-kernels
684167,Tasti Smooshed Wholefood Balls Berry Cashew & Cacao 207g,$6.75,$3.26 / 100G,/shop/productdetails/684167/tasti-smooshed-wholefood-balls-berry-cashew-cacao
65466,Vege Chips Rice Crackers Sour Cream & Chives 75g,$4.50,$6.00 / 100G,/shop/productdetails/65466/vege-chips-rice-crackers-sour-cream-chives
750543,Woolworths Soya Crisps Snacks 400g Pack,$6.30,$15.75 / 1KG,/shop/productdetails/750543/woolworths-soya-crisps-snacks
368726,Woolworths Walnuts 150g 150g,$7.00,$46.67 / 1KG,/shop/productdetails/368726/woolworths-walnuts-150g
646352,Tasti Smooshed Wholefood Balls Peanut Butter & Caramel 69g,$3.50,$5.07 / 100G,/shop/productdetails/646352/tasti-smooshed-wholefood-balls-peanut-butter-caramel
65464,Vege Chips Rice Crackers Cheese 75g,$4.50,$6.00 / 100G,/shop/productdetails/65464/vege-chips-rice-crackers-cheese
117189,Healtheries Potato Stix Chicken Multipack Chips Kids Lunchbox Snacks 20g X 6 Pack,$5.00,$4.17 / 100G,/shop/productdetails/117189/healtheries-potato-stix-chicken-multipack-chips-kids-lunchbox-snacks
476928,Sanitarium Weet-bix Gluten Free Coconut & Cinnamon Breakfast Cereal 400g,$5.30,$1.33 / 100G,/shop/productdetails/476928/sanitarium-weet-bix-gluten-free-coconut-cinnamon-breakfast-cereal
151978,Sweet William Rice Crackle Chocolate Koalas 12 Pack,$6.50,$3.61 / 100G,/shop/productdetails/151978/sweet-william-rice-crackle-chocolate-koalas
62842,Vege Chips Natural 100g,$3.15,$3.15 / 100G,/shop/productdetails/62842/vege-chips-natural
116697,Vege Chips Mini Rice Crckers Multipack 12 Pack,$9.50,$3.80 / 100G,/shop/productdetails/116697/vege-chips-mini-rice-crckers-multipack
174205,Edens Bars Sesame 45g,$0.90,$2.00 / 100G,/shop/productdetails/174205/edens-bars-sesame
65173,Tasti Smooshed Wholefood Balls Cacao Brownie 207g,$6.75,$3.26 / 100G,/shop/productdetails/65173/tasti-smooshed-wholefood-balls-cacao-brownie
739878,San Remo Spirals Spelt Pasta 250g,$4.50,$1.80 / 100G,/shop/productdetails/739878/san-remo-spirals-spelt-pasta
686544,Macro Nutritional Yeast Flakes 200g,$8.00,$4.00 / 100G,/shop/productdetails/686544/macro-nutritional-yeast-flakes
738916,Table Of Plenty Mini Rice Snacks Dark Chocolate Cakes 60g,$4.00,$6.67 / 100G,/shop/productdetails/738916/table-of-plenty-mini-rice-snacks-dark-chocolate-cakes
96154,Vege Chips Barbeque 100g,$3.15,$3.15 / 100G,/shop/productdetails/96154/vege-chips-barbeque
113130,Tasti Fruit & Vege Wholefood Balls Strawberry & Beetroot 60g,$3.50,$5.83 / 100G,/shop/productdetails/113130/tasti-fruit-vege-wholefood-balls-strawberry-beetroot
117087,Tasti Fruit & Vege Wholefood Balls Mango & Carrot 60g,$3.50,$5.83 / 100G,/shop/productdetails/117087/tasti-fruit-vege-wholefood-balls-mango-carrot
153158,Eatrite Rice Crackers Tamari Seaweed 100g,$3.00,$3.00 / 100G,/shop/productdetails/153158/eatrite-rice-crackers-tamari-seaweed
151280,Temole Cauliflower Puffs Sea Salt 56g,$5.00,$8.93 / 100G,/shop/productdetails/151280/temole-cauliflower-puffs-sea-salt
263796,Vege Chips Salt & Vinegar 100g,$3.15,$3.15 / 100G,/shop/productdetails/263796/vege-chips-salt-vinegar
684165,Tasti Smooshed Wholefood Balls Peanut Butter & Caramel 207g,$6.75,$3.26 / 100G,/shop/productdetails/684165/tasti-smooshed-wholefood-balls-peanut-butter-caramel
868315,Woolworths Free From Gluten Chocolate Scotch Finger 160g,$3.20,$2.00 / 100G,/shop/productdetails/868315/woolworths-free-from-gluten-chocolate-scotch-finger
806063,Shelby's Almonds With Dark Chocolate & Raspberry 40g,$3.00,$7.50 / 100G,/shop/productdetails/806063/shelby-s-almonds-with-dark-chocolate-raspberry
151014,Temole Broccoli Puffs Sweet Chilli 56g,$5.00,$8.93 / 100G,/shop/productdetails/151014/temole-broccoli-puffs-sweet-chilli
117019,Healtheries Potato Stix Fun Mix Multipack Chips Kids Lunchbox Snacks 20g X 12 Pack,$8.50,$3.54 / 100G,/shop/productdetails/117019/healtheries-potato-stix-fun-mix-multipack-chips-kids-lunchbox-snacks
686546,Macro Textured Vegetable Protein 200g,$3.00,$1.50 / 100G,/shop/productdetails/686546/macro-textured-vegetable-protein
641242,Table Of Plenty Mini Rice Cakes Dark Chocolate 6 Pack,$6.00,$7.14 / 100G,/shop/productdetails/641242/table-of-plenty-mini-rice-cakes-dark-chocolate
74002,Sun Valley True Fruit Bars 100% Tropical Fruit Nas 6 Pack,$4.00,$3.33 / 100G,/shop/productdetails/74002/sun-valley-true-fruit-bars-100-tropical-fruit-nas
117912,Vege Chips Rice Crackers Sweet Chilli & Sour Cream 75g,$4.50,$6.00 / 100G,/shop/productdetails/117912/vege-chips-rice-crackers-sweet-chilli-sour-cream
117852,Healtheries Potato Stix Roast Multipack Chips Kids Lunchbox Snacks 20g X 6 Pack,$5.00,$4.17 / 100G,/shop/productdetails/117852/healtheries-potato-stix-roast-multipack-chips-kids-lunchbox-snacks
779237,Woolworths Free From Gluten Chocolate Chip Biscuit 160g,$2.70,$1.69 / 100G,/shop/productdetails/779237/woolworths-free-from-gluten-chocolate-chip-biscuit
331595,Macro Organic Corn Chips Natural 200g,$3.30,$1.65 / 100G,/shop/productdetails/331595/macro-organic-corn-chips-natural
82835,Golden Days Fruit Snacks Bites Apricot 5x40g,$5.00,$2.50 / 100G,/shop/productdetails/82835/golden-days-fruit-snacks-bites-apricot
241243,Golden Days Fruit Apricot Coconut Slice 150g,$2.40,$1.60 / 100G,/shop/productdetails/241243/golden-days-fruit-apricot-coconut-slice
751382,Table Of Plenty Mini Rice Snacks Triple Berry Yoghurt Cakes 60g,$4.00,$6.67 / 100G,/shop/productdetails/751382/table-of-plenty-mini-rice-snacks-triple-berry-yoghurt-cakes
651474,Macro Black Chia Seeds 350g,$6.40,$1.83 / 100G,/shop/productdetails/651474/macro-black-chia-seeds
115179,Pink Himalayan Salt Seaweed Chips 30g,$4.30,$14.33 / 100G,/shop/productdetails/115179/b-h-fine-foods-pty-ltd-pink-himalayan-salt-seaweed-chips
310725,Butterfingers Gluten Free Shortbread Biscuits Pure Butter 175g,$4.55,$2.60 / 100G,/shop/productdetails/310725/butterfingers-gluten-free-shortbread-biscuits-pure-butter
641258,Vege Chips Deli Crisps Purple Sweet Potato 100g,$6.50,$6.50 / 100G,/shop/productdetails/641258/vege-chips-deli-crisps-purple-sweet-potato
774595,Woolworths Free From Gluten Mint Creme Biscuit 145g,$3.50,$2.41 / 100G,/shop/productdetails/774595/woolworths-free-from-gluten-mint-creme-biscuit
119059,True Fruit Strapple Apple & Strawberry Fruit Strips 120g,$4.00,$3.33 / 100G,/shop/productdetails/119059/sun-valley-true-fruit-strapple-apple-strawberry-fruit-strips
750533,Woolworths Soya Crisps Chilli & Lime Snacks 400g Pack,$6.00,$15.00 / 1KG,/shop/productdetails/750533/woolworths-soya-crisps-chilli-lime-snacks
156712,Tasti Smooshed Wholefood Balls Salted Caramel 6 Pack,$3.50,$5.07 / 100G,/shop/productdetails/156712/tasti-smooshed-wholefood-balls-salted-caramel
181912,Ceres Organic Seaweed Teriyaki Bbq Seaweed Snack 11.3g,$4.70,$41.59 / 100G,/shop/productdetails/181912/ceres-organic-seaweed-teriyaki-bbq-seaweed-snack
657399,San Remo Gluten Free Spirals 350g,$4.50,$1.29 / 100G,/shop/productdetails/657399/san-remo-gluten-free-spirals
153073,Tasti Smooshed Wholefood Balls Salted Caramel & Almond 18 Pack,$6.75,$3.26 / 100G,/shop/productdetails/153073/tasti-smooshed-wholefood-balls-salted-caramel-almond
61003,Pico Organic Vegan Chocolate Salted Caramel 80g,$7.00,$8.75 / 100G,/shop/productdetails/61003/pico-organic-vegan-chocolate-salted-caramel
151116,Temole Avocado Chips Tomato Salsa 40g,$5.00,$12.50 / 100G,/shop/productdetails/151116/temole-avocado-chips-tomato-salsa
152246,Health Lab Mylk Samantha's Cherry Chocolate Bar 4 Pack,$12.00,$7.50 / 100G,/shop/productdetails/152246/health-lab-mylk-samantha-s-cherry-chocolate-bar
79,Bellis Bar Apricot 45g,$1.00,$2.22 / 100G,/shop/productdetails/79/bellis-bar-apricot
684256,Vege Chips Yellow Sweet Potato Deli Crisps 100g,$6.50,$6.50 / 100G,/shop/productdetails/684256/vege-chips-yellow-sweet-potato-deli-crisps
117096,Slendier Zucchini & Eggplant Pasta Sauce 340g,$5.90,$1.74 / 100G,/shop/productdetails/117096/slendier-zucchini-eggplant-pasta-sauce
182833,Vitawerx White Chocolate Plain Bar 100g,$8.50,$8.50 / 100G,/shop/productdetails/182833/vitawerx-white-chocolate-plain-bar
150871,Pana Organic Mylk Golden Comb 45g,$6.00,$13.33 / 100G,/shop/productdetails/150871/pana-organic-mylk-golden-comb
150879,Temole Almond Chips Bbq 40g,$5.00,$12.50 / 100G,/shop/productdetails/150879/temole-almond-chips-bbq
87868,Sunrice Brown Rice Chips Sea Salt 150g,$2.50,$1.67 / 100G,/shop/productdetails/87868/sunrice-brown-rice-chips-sea-salt
182834,Vitawerx Milk Chocolate Plain Bar 100g,$8.50,$8.50 / 100G,/shop/productdetails/182834/vitawerx-milk-chocolate-plain-bar
116530,Slendier Basil & Tomato Pasta Sauce 340g,$5.90,$1.74 / 100G,/shop/productdetails/116530/slendier-basil-tomato-pasta-sauce
153608,Health Lab Mylk Mr. Big Caramel Peanut Chocolate Bar 4 Pack,$12.00,$7.50 / 100G,/shop/productdetails/153608/health-lab-mylk-mr-big-caramel-peanut-chocolate-bar
228025,Ceres Organic Seaweed Sea Salt & Vinegar 2g X 8,N/A,N/A,/shop/productdetails/228025/ceres-organic-seaweed-sea-salt-vinegar
363227,Ceres Brown Rice Cakes Original 110g,$3.80,$3.45 / 100G,/shop/productdetails/363227/ceres-brown-rice-cakes-original
308628,Ceres Organics Tamari Soy Sauce 250ml,$8.30,$3.32 / 100ML,/shop/productdetails/308628/ceres-organics-tamari-soy-sauce-wheat-free
709192,Wallaby Bites Dark Chocolate Fruit Nut 150g,$5.70,$3.80 / 100G,/shop/productdetails/709192/wallaby-bites-dark-chocolate-fruit-nut
806060,The Happy Snack Company Roasted Chickpeas Lime And Cracked Pepper 6 Pack,$6.00,$4.00 / 100G,/shop/productdetails/806060/the-happy-snack-company-roasted-chickpeas-lime-and-cracked-pepper
868314,Woolworths Free From Gluten Choc Chip Mini Cookies 8 Pack,$4.00,$2.00 / 100G,/shop/productdetails/868314/woolworths-free-from-gluten-choc-chip-mini-cookies
152641,Health Lab Mylk Carrie's Coconut Chocolate Bar 4 Pack,$12.00,$7.50 / 100G,/shop/productdetails/152641/health-lab-mylk-carrie-s-coconut-chocolate-bar
62775,Pico Organic Vegan Chocolate Hazelnut Milk 80g,$7.00,$8.75 / 100G,/shop/productdetails/62775/pico-organic-vegan-chocolate-hazelnut-milk
526471,Woolworths Roasted & Salted Mixed Nuts 80g,$2.00,$25.00 / 1KG,/shop/productdetails/526471/woolworths-roasted-salted-mixed-nuts
319636,Butterfingers Gluten Free Shortbread Biscuits Macadamia 175g,$5.10,$2.91 / 100G,/shop/productdetails/319636/butterfingers-gluten-free-shortbread-biscuits-macadamia
868699,Woolworths Pistachio Nuts Roasted & Salted 400g,$11.00,$27.50 / 1KG,/shop/productdetails/868699/woolworths-pistachio-nuts-roasted-salted
738979,Table Of Plenty Mini Rice Snacks Chocolate Cakes 60g,$4.00,$6.67 / 100G,/shop/productdetails/738979/table-of-plenty-mini-rice-snacks-chocolate-cakes
355136,Macro Almonds Tamari 500g,$14.00,$28.00 / 1KG,/shop/productdetails/355136/macro-almonds-tamari
927666,Vege Chips Deli Crisps Lentil Lightly Salted 100g,$6.50,$6.50 / 100G,/shop/productdetails/927666/vege-chips-deli-crisps-lentil-lightly-salted
131,Golden Days Fruit Snacks Bites Apricot Delight 150g,$2.40,$1.60 / 100G,/shop/productdetails/131/golden-days-fruit-snacks-bites-apricot-delight
446585,Ceres Organics Brown Rice Crackers Seaweed 115g,$3.80,$3.30 / 100G,/shop/productdetails/446585/ceres-organics-brown-rice-crackers-seaweed
172660,Woolworths Cashews Roasted & Salted 750g Pack,$18.00,$24.00 / 1KG,/shop/productdetails/172660/woolworths-cashews-roasted-salted
751353,Macro Organic Virgin Coconut Oil 300g,$4.35,$1.45 / 100G,/shop/productdetails/751353/macro-organic-virgin-coconut-oil
806059,Shelby's Almonds Dark Chocolate & Espresso 40g,$3.00,$7.50 / 100G,/shop/productdetails/806059/shelby-s-almonds-dark-chocolate-espresso
505443,Table Of Plenty Milk Chocolate Snack Pack 84g,$6.00,$7.14 / 100G,/shop/productdetails/505443/table-of-plenty-milk-chocolate-snack-pack
60938,Wallaby Nutty Bites With Sea Salt 130g,$5.70,$4.38 / 100G,/shop/productdetails/60938/wallaby-nutty-bites-with-sea-salt
739954,Wallaby Chocolate Bites Orange Almond & Coconut 150g,$5.70,$3.80 / 100G,/shop/productdetails/739954/wallaby-chocolate-bites-orange-almond-coconut
927838,The Happy Snack Company Roasted Fava Beans Sea Salt And Balsamic Vinegar 6 Pack,$6.00,$4.00 / 100G,/shop/productdetails/927838/the-happy-snack-company-roasted-fava-beans-sea-salt-and-balsamic-vinegar
133300,Macro Organic Natural Pumpkin Kernels 250g,$5.00,$20.00 / 1KG,/shop/productdetails/133300/macro-organic-natural-pumpkin-kernels
793382,Vege Chips Chicken Style 100g,$3.15,$3.15 / 100G,/shop/productdetails/793382/vege-chips-chicken-style
193885,Fresh Medjool Dates Loose Per Kg,$22.00,$22.00 / 1KG,/shop/productdetails/193885/fresh-medjool-dates-loose
176411,Woolworths Almonds Kernels 750g Pack,$9.90,$13.20 / 1KG,/shop/productdetails/176411/woolworths-almonds-kernels
117094,Shelby's Coconut & Yoghurt Almonds 40g,$3.00,$7.50 / 100G,/shop/productdetails/117094/shelby-s-coconut-yoghurt-almonds
310714,Mamee Rice Snacks Sticks Cheese Flavour 200g,$7.50,$3.75 / 100G,/shop/productdetails/310714/mamee-rice-snacks-sticks-cheese-flavour
499695,Macro White Quinoa 1kg,$10.00,$1.00 / 100G,/shop/productdetails/499695/macro-white-quinoa
335073,Macro Organic Quinoa 500g,$6.59,$1.32 / 100G,/shop/productdetails/335073/macro-organic-quinoa
770057,Woolworths Free From Gluten Plain Flour 750g,$3.60,$4.80 / 1KG,/shop/productdetails/770057/woolworths-free-from-gluten-plain-flour
689518,Macro Xanthan Gum 100g,$5.00,$5.00 / 100G,/shop/productdetails/689518/macro-xanthan-gum
815872,Woolworths Pecans 150g,$4.10,$27.33 / 1KG,/shop/productdetails/815872/woolworths-pecans
806070,Shelby's Almonds Yogurt & Cinnamon 40g,$3.00,$7.50 / 100G,/shop/productdetails/806070/shelby-s-almonds-yogurt-cinnamon
651571,Woolworths Free From Gluten Scotch Finger Biscuits 160g,$3.20,$2.00 / 100G,/shop/productdetails/651571/woolworths-free-from-gluten-scotch-finger-biscuits
331590,Macro Organic Corn Chips Spicy Bbq 200g,$3.30,$1.65 / 100G,/shop/productdetails/331590/macro-organic-corn-chips-spicy-bbq
60082,The Happy Snack Company Chickpeas Dark Choc 5 Pack,$6.00,$6.00 / 100G,/shop/productdetails/60082/the-happy-snack-company-chickpeas-dark-choc
700236,Woolworths Free From Gluten Arrowroot Biscuit 205g,$3.20,$1.56 / 100G,/shop/productdetails/700236/woolworths-free-from-gluten-arrowroot-biscuit
770058,Woolworths Free From Gluten Self Raising Flour 750g,$3.60,$4.80 / 1KG,/shop/productdetails/770058/woolworths-free-from-gluten-self-raising-flour
224826,Tasti Fruit + Vege Wholefood Balls Strawberry & Beetroot 18 Pack,$6.75,$3.26 / 100G,/shop/productdetails/224826/tasti-fruit-vege-wholefood-balls-strawberry-beetroot
88663,Sunrice Brown Rice Chips Smokehouse Bbq & Paprika 150g,$2.50,$1.67 / 100G,/shop/productdetails/88663/sunrice-brown-rice-chips-smokehouse-bbq-paprika
853360,Kez's Kitchen Gluten Free Fudgy Chocolate Flourless Brownies 210g,$7.70,$3.67 / 100G,/shop/productdetails/853360/kez-s-kitchen-kitchen-gluten-free-fudgy-chocolate-flourless-brownies
363376,Orgran Gluten Free Crispbread Quinoa 125g,$3.00,$2.40 / 100G,/shop/productdetails/363376/orgran-gluten-free-crispbread-quinoa
771480,Woolworths Free From Gluten Double Choc Biscuit 160g,$3.50,$2.19 / 100G,/shop/productdetails/771480/woolworths-free-from-gluten-double-choc-biscuit
182835,Vitawerx Milk Chocolate Coconut Rough Bar 100g,$8.50,$8.50 / 100G,/shop/productdetails/182835/vitawerx-milk-chocolate-coconut-rough-bar
224381,Freedom Classic Rice Puffs Cereal 250g,$5.00,$2.00 / 100G,/shop/productdetails/224381/freedom-classic-rice-puffs-cereal
61760,Macro Light & Golden Rice Malt Syrup 500g,$4.00,$0.80 / 100G,/shop/productdetails/61760/macro-light-golden-rice-malt-syrup
60152,Pico Organic Vegan Chocolate Mint Crisp 80g,$7.00,$8.75 / 100G,/shop/productdetails/60152/pico-organic-vegan-chocolate-mint-crisp
380794,Woolworths Cashew & Macadamia Roasted & Salted 400g Pack,$9.00,$22.50 / 1KG,/shop/productdetails/380794/woolworths-cashew-macadamia-roasted-salted
352709,Simply Wize Gluten Free Gnocchi 500g,$5.80,$1.16 / 100G,/shop/productdetails/352709/simply-wize-gluten-free-gnocchi
402198,Quest Bar Choc Chip Cookie Dough 60g,$3.35,$5.58 / 100G,/shop/productdetails/402198/quest-bar-choc-chip-cookie-dough
631399,Macro Nutty N' Nice Mix 30g,$1.00,$3.33 / 100G,/shop/productdetails/631399/macro-nutty-n-nice-mix
825889,Macro Popcorn Air Popped Light 20g,$1.60,$8.00 / 100G,/shop/productdetails/825889/macro-popcorn-air-popped-light
227789,Wallaby Oven Baked Pretzel Twists Sea Salt 100g,$6.50,$6.50 / 100G,/shop/productdetails/227789/wallaby-oven-baked-pretzel-twists-sea-salt
182474,Vitawerx White Chocolate Coconut Rough Bar 100g,$8.50,$8.50 / 100G,/shop/productdetails/182474/vitawerx-white-chocolate-coconut-rough-bar
223975,Freedom Classic Xo Cocoa Crunch Cereal 360g,$6.80,$1.89 / 100G,/shop/productdetails/223975/freedom-classic-xo-cocoa-crunch-cereal-32-whole-grain
60425,Table Of Plenty Mini Rice Cakes Triple Berry 6 Pack,$6.00,$7.14 / 100G,/shop/productdetails/60425/table-of-plenty-mini-rice-cakes-triple-berry
223742,Tasti Fruit + Vege Wholefood Balls Mango & Carrot 18 Pack,$6.75,$3.26 / 100G,/shop/productdetails/223742/tasti-fruit-vege-wholefood-balls-mango-carrot
117626,Vege Chips Natural Multipack 12 Pack,$9.50,$3.80 / 100G,/shop/productdetails/117626/vege-chips-natural-multipack
927881,The Happy Snack Company Roasted Chickpeas Lightly Salted 6 Pack,$6.00,$4.00 / 100G,/shop/productdetails/927881/the-happy-snack-company-roasted-chickpeas-lightly-salted
671889,Macro Australian Hemp Seeds 200g,$8.00,$4.00 / 100G,/shop/productdetails/671889/macro-australian-hemp-seeds
479953,Macro Organic Psyllium Husk 250g,$6.00,$2.40 / 100G,/shop/productdetails/479953/macro-organic-psyllium-husk
480231,Bc Snacks Chocolate Brownie Crunch High Protein Bar 40g,$3.00,$7.50 / 100G,/shop/productdetails/480231/bc-snacks-chocolate-brownie-crunch-high-protein-bar
770779,Gullon Cookies Sugar Free Short Bread 330g,$5.90,$1.79 / 100G,/shop/productdetails/770779/gullon-cookies-sugar-free-short-bread
149601,Well Naturally No Sugar Added Dark Chocolate Covered Almonds 80g,$5.00,$6.25 / 100G,/shop/productdetails/149601/well-naturally-no-sugar-added-dark-chocolate-covered-almonds
770096,Woolworths Trail Mix 85g,$2.00,$23.53 / 1KG,/shop/productdetails/770096/woolworths-trail-mix
63694,Wallaby Nutty Bites Vanilla 130g,$5.70,$4.38 / 100G,/shop/productdetails/63694/wallaby-nutty-bites-vanilla
892609,Macro Linseed 500g,$3.30,$0.66 / 100G,/shop/productdetails/892609/macro-linseed
829255,Orgran Gluten Free Crispbread Buckwheat 125g,$3.00,$2.40 / 100G,/shop/productdetails/829255/orgran-gluten-free-crispbread-buckwheat
219577,Wallaby Mini Assorted Chocolate Pretzels 120g,$6.50,$5.42 / 100G,/shop/productdetails/219577/wallaby-mini-assorted-chocolate-pretzels
202399,Woolworths Cashews Roasted & Unsalted 750g,$18.00,$24.00 / 1KG,/shop/productdetails/202399/woolworths-cashews-roasted-unsalted
857027,Off The Eaten Path Vegetable Chips Pea & Pinto Bean Sticks Sea Salt 100g,$4.00,$4.00 / 100G,/shop/productdetails/857027/off-the-eaten-path-vegetable-chips-pea-pinto-bean-sticks-sea-salt
118858,True Fruit Gogo Apple Mango & Apple Fruit Strips 120g,$4.00,$3.33 / 100G,/shop/productdetails/118858/true-fruit-gogo-apple-mango-apple-fruit-strips
751006,Woolworths Hiker's Trail Mix 400g,$7.00,$17.50 / 1KG,/shop/productdetails/751006/woolworths-hiker-s-trail-mix
223872,Temole Cauliflower Puffs Kale & Pepper 56g,$5.00,$8.93 / 100G,/shop/productdetails/223872/temole-cauliflower-puffs-kale-pepper
369518,Woolworths Almonds Tamari 225g,$7.00,$31.11 / 1KG,/shop/productdetails/369518/woolworths-almonds-tamari
770052,Woolworths Free From Gluten Cereal Cornflakes 375g,$3.00,$0.80 / 100G,/shop/productdetails/770052/woolworths-free-from-gluten-cereal-cornflakes
544980,Gullon No Added Sugar Choc Twin Biscuits 147g,$5.00,$3.40 / 100G,/shop/productdetails/544980/gullon-no-added-sugar-choc-twin-biscuits
357265,Macro Natural Almond Spread 250g,$5.70,$2.28 / 100G,/shop/productdetails/357265/macro-natural-almond-spread
600878,Woolworths Dry Roasted Almonds Nuts 400g,$7.00,$17.50 / 1KG,/shop/productdetails/600878/woolworths-dry-roasted-almonds-nuts
771481,Woolworths Free From Gluten Gingernut Biscuit 155g,$2.70,$1.74 / 100G,/shop/productdetails/771481/woolworths-free-from-gluten-gingernut-biscuit
466173,Orgran Gluten Free Wafer Crackers Quinoa 100g,$4.20,$4.20 / 100G,/shop/productdetails/466173/orgran-gluten-free-wafer-crackers-quinoa
965117,Simply Wize Gnocchi Pumpkin 500g,$5.80,$1.16 / 100G,/shop/productdetails/965117/simply-wize-gnocchi-pumpkin
932509,The Happy Snack Company Roasted Chickpeas Lightly Salted 200g,$6.25,$3.13 / 100G,/shop/productdetails/932509/the-happy-snack-company-roasted-chickpeas-lightly-salted
932505,The Happy Snack Company Roasted Fava Beans Lightly Salted 6 Pack,$6.00,$4.00 / 100G,/shop/productdetails/932505/the-happy-snack-company-roasted-fava-beans-lightly-salted
133089,Woolworths Free From Gluten Lightly Salted Crispbread 125g,$2.75,$2.20 / 100G,/shop/productdetails/133089/woolworths-free-from-gluten-lightly-salted-crispbread
644436,Tom & Luke Salted Caramel 10 Pack,$2.75,$1.96 / 100G,/shop/productdetails/644436/tom-luke-salted-caramel
770121,Woolworths Yoghurt Berry 80g,$2.00,$23.53 / 1KG,/shop/productdetails/770121/woolworths-yoghurt-berry
263575,Slendier Konjac Penne 400g,$4.10,$1.03 / 100G,/shop/productdetails/263575/slendier-konjac-penne
526259,Woolworths Natural Almonds 70g,$2.00,$28.57 / 1KG,/shop/productdetails/526259/woolworths-natural-almonds
726520,Ceres Organics Brown Rice Crackers Salt & Vinegar 115g,$3.80,$3.30 / 100G,/shop/productdetails/726520/ceres-organics-brown-rice-crackers-salt-vinegar
256306,Noway Collagen Marshmallow Bar Strawberry 45g,$4.95,$11.00 / 100G,/shop/productdetails/256306/noway-collagen-marshmallow-bar-strawberry
806067,Tom & Luke Dark Chocolate & Mint Snackballs 132g,$2.75,$2.08 / 100G,/shop/productdetails/806067/tom-luke-dark-chocolate-mint-snackballs
965281,Macro Chia Seed Black & White 150g,$6.00,$4.00 / 100G,/shop/productdetails/965281/macro-chia-seed-black-white
706627,Macro Organic Quinoa Flakes 350g,$6.50,$1.86 / 100G,/shop/productdetails/706627/macro-organic-quinoa-flakes
355158,Macro Pitted Dates 500g,$3.40,$6.80 / 1KG,/shop/productdetails/355158/macro-pitted-dates
223812,Temole Broccoli Puffs Cheese 56g,$5.00,$8.93 / 100G,/shop/productdetails/223812/temole-broccoli-puffs-cheese
60072,The Happy Snack Company Chickpeas Dark Choc And Raspberry 5 Pack,$6.00,$6.00 / 100G,/shop/productdetails/60072/the-happy-snack-company-chickpeas-dark-choc-and-raspberry
188832,Buontempo Gluten Free Pasta Spirals 600g,$4.80,$0.80 / 100G,/shop/productdetails/188832/buontempo-gluten-free-pasta-spirals
672017,Macro Cacao Craze 30g,$1.00,$3.33 / 100G,/shop/productdetails/672017/macro-cacao-craze
805917,Tom & Luke Original Dark Chocolate Snackballs 132g,$2.75,$2.08 / 100G,/shop/productdetails/805917/tom-luke-original-dark-chocolate-snackballs
64189,Pico Organic Vegan Chocolate Coconut Milk 80g,$7.00,$8.75 / 100G,/shop/productdetails/64189/pico-organic-vegan-chocolate-coconut-milk
150095,Gullon Sugar Free Vanilla Wafer Biscuits 180g,N/A,N/A,/shop/productdetails/150095/gullon-sugar-free-vanilla-wafer-biscuits
65686,Bc Snacks Dark Chocolate Coconut Plant Based Protein Bar 40g,$3.00,$7.50 / 100G,/shop/productdetails/65686/bc-snacks-dark-chocolate-coconut-plant-based-protein-bar
185221,Woolworths Peanuts Roasted & Salted 750g Pack,$4.90,$6.53 / 1KG,/shop/productdetails/185221/woolworths-peanuts-roasted-salted
148149,Health Lab Aussie Lamington Jam Filled Chocolate Coated Balls 5 Pack,$12.75,$6.38 / 100G,/shop/productdetails/148149/health-lab-aussie-lamington-jam-filled-chocolate-coated-balls
59453,The Happy Snack Company Chickpeas Chocolate 5 Pack,$6.00,$6.00 / 100G,/shop/productdetails/59453/the-happy-snack-company-chickpeas-chocolate
446583,Ceres Organics Brown Rice Crackers Chia 115g,$3.80,$3.30 / 100G,/shop/productdetails/446583/ceres-organics-brown-rice-crackers-chia
143731,Gullon Sugar Free Chocolate Wafer Biscuits 180g,N/A,N/A,/shop/productdetails/143731/gullon-sugar-free-chocolate-wafer-biscuits
644858,Tom & Luke Peanut Butter & Cacao 10 Pack,$2.75,$1.96 / 100G,/shop/productdetails/644858/tom-luke-peanut-butter-cacao
800973,Olina's Gluten Free Crackers Pepita Seed 100g,$6.00,$6.00 / 100G,/shop/productdetails/800973/olina-s-gluten-free-crackers-pepita-seed
221099,Slendier Instant Cup Noodles Tom Yum 65g,$5.20,$8.00 / 100G,/shop/productdetails/221099/slendier-instant-cup-noodles-tom-yum
774695,Medjool Dates Punnet 450g,$11.50,$25.56 / 1KG,/shop/productdetails/774695/golden-palm-medjool-dates-punnet
294329,Macro Cereal Lsa 250g,$3.00,$1.20 / 100G,/shop/productdetails/294329/macro-cereal-lsa
700128,Quest Bar Birthday Cake 60g,$3.35,$5.58 / 100G,/shop/productdetails/700128/quest-bar-birthday-cake
64192,Simply Wize Grissini Original Breadsticks 100g,$6.00,$6.00 / 100G,/shop/productdetails/64192/simply-wize-grissini-original-breadsticks
113958,Sunrice Brown Rice Chips Farmhouse Cheddar 150g,$2.50,$1.67 / 100G,/shop/productdetails/113958/sunrice-brown-rice-chips-farmhouse-cheddar
526472,Woolworths Superfood Mix 70g,$2.00,$28.57 / 1KG,/shop/productdetails/526472/woolworths-superfood-mix
769892,Woolworths Free From Gluten Breadcrumbs 350g,$4.50,$1.29 / 100G,/shop/productdetails/769892/woolworths-free-from-gluten-breadcrumbs
486336,Macro Air Popped Popcorn Salted & Sweet 20g,$1.60,$8.00 / 100G,/shop/productdetails/486336/macro-air-popped-popcorn-salted-sweet
774596,Woolworths Free From Creme Choc Biscuits 120g,$2.70,$2.25 / 100G,/shop/productdetails/774596/woolworths-free-from-creme-choc-biscuits
694122,Macro Lentil Bites Beetroot 6 Pack,$5.00,$4.63 / 100G,/shop/productdetails/694122/macro-lentil-bites-beetroot
694121,Macro Lentil Bites Pumpkin 6 Pack,$5.00,$4.63 / 100G,/shop/productdetails/694121/macro-lentil-bites-pumpkin
651475,Macro White Chia Seeds 350g,$6.59,$1.88 / 100G,/shop/productdetails/651475/macro-white-chia-seeds
932517,The Happy Snack Company Kids Fava Beans Pizza 10 Pack,$6.00,$4.00 / 100G,/shop/productdetails/932517/the-happy-snack-company-kids-fava-beans-pizza
114562,Munchme Pumpkin Seed 120g,$6.00,$5.00 / 100G,/shop/productdetails/114562/munchme-pumpkin-seed
480198,Bc Snacks Raspberry Truffle High Protein Bar 40g,$3.00,$7.50 / 100G,/shop/productdetails/480198/bc-snacks-raspberry-truffle-high-protein-bar
81969,Off The Eaten Path Veggie Chips Pea & Pinto Bean Sticks Sweet Chilli Sour Cream 100g,$4.00,$4.00 / 100G,/shop/productdetails/81969/off-the-eaten-path-veggie-chips-pea-pinto-bean-sticks-sweet-chilli-sour-cream
774692,Golden Palm Medjool Dates 225g Punnet,$8.50,$37.78 / 1KG,/shop/productdetails/774692/golden-palm-medjool-dates
176665,Messy Monkeys Choc Rice Puff Bars 6 Pack,$4.50,$3.75 / 100G,/shop/productdetails/176665/messy-monkeys-choc-rice-puff-bars
288449,Sunrice Mini Bites Rockin' Chicken 6 Pack,$4.50,$3.75 / 100G,/shop/productdetails/288449/sunrice-mini-bites-rockin-chicken
290773,Sunrice Mini Bites Surfin Sea Salt 6 Pack,$4.50,$4.17 / 100G,/shop/productdetails/290773/sunrice-mini-bites-surfin-sea-salt
826040,Macro Organic Coconut Oil 900g,$9.90,$1.10 / 100G,/shop/productdetails/826040/macro-organic-coconut-oil
729945,Gullon Cookies Sugar Free Choc Chip 125g,$5.00,$4.00 / 100G,/shop/productdetails/729945/gullon-cookies-sugar-free-choc-chip
684251,Well Naturally No Sugar Added Dark Choc Raspberry 90g,$5.00,$5.56 / 100G,/shop/productdetails/684251/well-naturally-no-sugar-added-dark-choc-raspberry
255319,Noway Collagen Marshmallow Bar Vanilla 45g,$4.95,$11.00 / 100G,/shop/productdetails/255319/noway-collagen-marshmallow-bar-vanilla
180654,The Happy Snack Company Roasted Fava Beans Smoky Bbq 6 Pack,$6.00,$4.00 / 100G,/shop/productdetails/180654/the-happy-snack-company-roasted-fava-beans-smoky-bbq
184441,Funday Natural Sweets No Sugar Added Lollies Raspberry Gummy Frogs 50g,$4.50,$9.00 / 100G,/shop/productdetails/184441/funday-natural-sweets-no-sugar-added-lollies-raspberry-gummy-frogs
686547,Macro Bulgur Wheat 500g,$4.50,$0.90 / 100G,/shop/productdetails/686547/macro-bulgur-wheat
153684,Health Lab Chewy Choc Chip Peanut Butter Protein Balls 5 Pack,$12.75,$6.38 / 100G,/shop/productdetails/153684/health-lab-chewy-choc-chip-peanut-butter-protein-balls
82043,Off The Eaten Path Vegetable Chips Pea & Pinto Bean Sticks Cheddar & Chives 100g,$4.00,$4.00 / 100G,/shop/productdetails/82043/off-the-eaten-path-vegetable-chips-pea-pinto-bean-sticks-cheddar-chives
464456,The Happy Snack Company Roasted Fava Beans Red Pepper & Chilli 6 Pack,$6.00,$4.00 / 100G,/shop/productdetails/464456/the-happy-snack-company-roasted-fava-beans-red-pepper-chilli
331588,Macro Organic Corn Chips Cheese 200g,$3.30,$1.65 / 100G,/shop/productdetails/331588/macro-organic-corn-chips-cheese
181139,Off The Eaten Path Brown Rice Chips Sea Salt & Pepper 75g,$4.00,$5.33 / 100G,/shop/productdetails/181139/off-the-eaten-path-brown-rice-chips-sea-salt-pepper
607069,Macro Organic Coconut Flakes 200g,$3.50,$1.75 / 100G,/shop/productdetails/607069/macro-organic-coconut-flakes
184863,Messy Monkeys Wholegrain Bites Burger 6 Pack,$6.00,$5.00 / 100G,/shop/productdetails/184863/messy-monkeys-wholegrain-bites-burger
182676,Tom & Luke Apple & Chia Snackaballs 88g,$4.50,$5.11 / 100G,/shop/productdetails/182676/tom-luke-apple-chia-snackaballs
133088,Woolworths Free From Gluten Choc Coated Wafer 63g,$3.15,$5.00 / 100G,/shop/productdetails/133088/woolworths-free-from-gluten-choc-coated-wafer
698018,Macro Organic Brown Flaxseed Meal 500g,$5.00,$1.00 / 100G,/shop/productdetails/698018/macro-organic-brown-flaxseed-meal
491641,Blue Dinosaur Paleo Bars Lamington 45g,$2.95,$6.56 / 100G,/shop/productdetails/491641/blue-dinosaur-paleo-bars-lamington
224794,Tasti Fruit Wholefood Balls Blackcurrant 18 Pack,$6.75,$3.26 / 100G,/shop/productdetails/224794/tasti-fruit-wholefood-balls-blackcurrant
763154,Woolworths Nut & Pretzel Crunch Mix 600g,$8.00,$13.33 / 1KG,/shop/productdetails/763154/woolworths-nut-pretzel-crunch-mix
289250,Sunrice Mini Bites Rollin' Salt & Vinegar 6 Pack,$4.50,$3.75 / 100G,/shop/productdetails/289250/sunrice-mini-bites-rollin-salt-vinegar
686545,Macro Brewers Yeast 225g,$6.00,$2.67 / 100G,/shop/productdetails/686545/macro-brewers-yeast
150124,Pana Organic Peanut Caramel 45g,$6.00,$13.33 / 100G,/shop/productdetails/150124/pana-organic-peanut-caramel
36504,Ceres Organics Crispy Cloud Salt & Vinegar 50g,$4.00,$8.00 / 100G,/shop/productdetails/36504/ceres-organics-crispy-cloud-salt-vinegar
229207,Health Lab Bandwagon Classic Bscuit Plant Based Gluten Free 130g,$9.00,$6.92 / 100G,/shop/productdetails/229207/health-lab-bandwagon-classic-bscuit-plant-based-gluten-free
698016,Macro Unrefined Coconut Sugar 250g,$3.75,$1.50 / 100G,/shop/productdetails/698016/macro-unrefined-coconut-sugar
402270,Quest Bar Cookies & Cream 60g,$3.35,$5.58 / 100G,/shop/productdetails/402270/quest-bar-cookies-cream
37877,Vegie Delights Plant Based Nutmeat 415g,$6.00,$1.45 / 100G,/shop/productdetails/37877/vegie-delights-plant-based-nutmeat
223902,Temole Almond Chips Seasalt 40g,$5.00,$12.50 / 100G,/shop/productdetails/223902/temole-almond-chips-seasalt
225942,Vogel's Low Carb Granola Apple Crumble & Cinnamon 360g,$7.20,$2.00 / 100G,/shop/productdetails/225942/vogel-s-low-carb-granola-apple-crumble-cinnamon
182854,Tom & Luke Maple & Almond Snackaballs 88g,$4.50,$5.11 / 100G,/shop/productdetails/182854/tom-luke-maple-almond-snackaballs
223760,Niulife Organic Extra Thick Coconut Amino Teriyaki Sauce 250ml,$8.50,$3.40 / 100ML,/shop/productdetails/223760/niulife-organic-extra-thick-coconut-amino-teriyaki-sauce
480240,Bc Snacks Choc Mint Crunch High Protein Bar 40g,$3.00,$7.50 / 100G,/shop/productdetails/480240/bc-snacks-choc-mint-crunch-high-protein-bar
225360,"Vogel's Low Carb Granola Raspberry, Blueberry & Almond 360g",$7.20,$2.00 / 100G,/shop/productdetails/225360/vogel-s-low-carb-granola-raspberry-blueberry-almond
428309,Kellogg's Special K Gluten Free Breakfast Cereal 330g,$7.50,$2.27 / 100G,/shop/productdetails/428309/kelloggs-special-k-gluten-free-breakfast-cereal
732287,Kez's Kitchen Gluten Free Choc Raspberry Vienna Eclairs 190g,$7.70,$4.05 / 100G,/shop/productdetails/732287/kez-s-kitchen-kitchen-gluten-free-choc-raspberry-vienna-eclairs
151867,Health Lab Aussie Lamington Snack Ball 40g,$3.35,$8.38 / 100G,/shop/productdetails/151867/health-lab-aussie-lamington-snack-ball
113173,Woolworths Free From Gluten Double Choc Chip Biscuits 160g,$3.20,$2.00 / 100G,/shop/productdetails/113173/woolworths-free-from-gluten-double-choc-chip-biscuits
363226,Ceres Organics Rice Cakes No Added Salt 110g,$3.80,$3.45 / 100G,/shop/productdetails/363226/ceres-organics-rice-cakes-no-added-salt
114172,Health Lab Holy Hazelnut Nut Butter Filled Ball 40g,$3.35,$8.38 / 100G,/shop/productdetails/114172/health-lab-holy-hazelnut-nut-butter-filled-ball
637614,Woolworths Almond Nut Kernels Roasted & Salted 750g,$13.00,$17.33 / 1KG,/shop/productdetails/637614/woolworths-almond-nut-kernels-roasted-salted
114173,Health Lab Holy Hazelnut Nut Butter Filled Balls 200g,$12.75,$6.38 / 100G,/shop/productdetails/114173/health-lab-holy-hazelnut-nut-butter-filled-balls
900348,Woolworths Nut Oven Roasted Premium Mix 400g,$12.00,$30.00 / 1KG,/shop/productdetails/900348/woolworths-nut-oven-roasted-premium-mix
671971,Macro Organic Cacao Powder 250g,$5.50,$2.20 / 100G,/shop/productdetails/671971/macro-organic-cacao-powder
230586,Well Naturally No Sugar Added Choc Mint Crisp Bar 45g,$2.85,$6.33 / 100G,/shop/productdetails/230586/well-naturally-no-sugar-added-choc-mint-crisp-bar
208544,Eskal Gluten Free Cookies Choc Coated Wafers 130g,$5.00,$3.85 / 100G,/shop/productdetails/208544/eskal-gluten-free-cookies-choc-coated-wafers
901141,Woolworths Fruit & Nut Snack Seeds 400g,$7.00,$17.50 / 1KG,/shop/productdetails/901141/woolworths-fruit-nut-snack-seeds
64172,Connect Foods Pumpkin Seeds Pink Himalayan Salt 125g,$4.00,$3.20 / 100G,/shop/productdetails/64172/connect-foods-pumpkin-seeds-pink-himalayan-salt
800934,Olina's Gluten Free Crackers Sunflower Seed 100g,$6.00,$6.00 / 100G,/shop/productdetails/800934/olina-s-gluten-free-crackers-sunflower-seed
193723,Buontempo Gluten Free Pasta Penne 600g,$4.80,$0.80 / 100G,/shop/productdetails/193723/buontempo-gluten-free-pasta-penne
464458,The Happy Snack Company Kids Fava Beans Salt And Vinegar 10 Pack,$6.00,$4.00 / 100G,/shop/productdetails/464458/the-happy-snack-company-kids-fava-beans-salt-and-vinegar
57026,Pana Organic White Chocolate & Macadamia 45g,$6.00,$13.33 / 100G,/shop/productdetails/57026/pana-organic-white-chocolate-macadamia
693004,Ceres Organics Rice Cakes Quinoa 110g,$3.80,$3.45 / 100G,/shop/productdetails/693004/ceres-organics-rice-cakes-quinoa
222361,Slendier Masala Instant Cup Noodles 65g,$5.20,$8.00 / 100G,/shop/productdetails/222361/slendier-masala-instant-cup-noodles
380789,Woolworths Macadamias Kernels Raw 400g Pack,$15.40,$38.50 / 1KG,/shop/productdetails/380789/woolworths-macadamias-kernels-raw
829032,Macro Goji Berries 200g,$6.50,$3.25 / 100G,/shop/productdetails/829032/macro-goji-berries
203548,Woolworths Apricot Sun Dried 750g Pack,$11.25,$15.00 / 1KG,/shop/productdetails/203548/woolworths-apricot-sun-dried
184504,Funday Natural Sweets No Sugar Added Vegan Lollies Sour Gummy Bears 50g,$4.50,$9.00 / 100G,/shop/productdetails/184504/funday-natural-sweets-no-sugar-added-vegan-lollies-sour-gummy-bears
111269,Munchme Pistachio Cranberry 120g,$6.00,$5.00 / 100G,/shop/productdetails/111269/munchme-pistachio-cranberry
637642,Woolworths Cashew 400g,$9.00,$22.50 / 1KG,/shop/productdetails/637642/woolworths-cashew
224318,Health Lab Cookie Dough Vibes Custard Filled Balls 4 Pack,$12.00,$7.50 / 100G,/shop/productdetails/224318/health-lab-cookie-dough-vibes-custard-filled-balls
683003,Olina's Gluten Free Sunflower Seed & Fig Cracker 100g,$6.00,$6.00 / 100G,/shop/productdetails/683003/olina-s-gluten-free-sunflower-seed-fig-cracker
379293,Well Naturally Bars Mint Chocolate Sugar Free 90g,$5.00,$5.56 / 100G,/shop/productdetails/379293/well-naturally-bars-mint-chocolate-sugar-free
380791,Woolworths Macadamias Roasted & Salted 400g Pack,$15.40,$38.50 / 1KG,/shop/productdetails/380791/woolworths-macadamias-roasted-salted
428308,Kellogg's Corn Flakes Gluten Free Breakfast Cereal 270g,$5.60,$2.07 / 100G,/shop/productdetails/428308/kelloggs-corn-flakes-gluten-free-breakfast-cereal
728111,Ceres Organics Young Jackfruit 400g,$4.00,$1.00 / 100G,/shop/productdetails/728111/ceres-organics-young-jackfruit
647691,Fodmapped For You Roasted Pumpkin & Sage Soup 500g,$7.10,$1.42 / 100G,/shop/productdetails/647691/fodmapped-for-you-roasted-pumpkin-sage-soup
61837,Macro Chipotle Crunch 30g,$1.00,$3.33 / 100G,/shop/productdetails/61837/macro-chipotle-crunch
208542,Eskal Gluten Free Biscuits Wafers Lemon Gluten Free 200g,$5.00,$2.50 / 100G,/shop/productdetails/208542/eskal-gluten-free-biscuits-wafers-lemon-gluten-free
480197,Bc Snacks Dark Chocolate And Almond High Protein Bar 40g,$3.00,$7.50 / 100G,/shop/productdetails/480197/bc-snacks-dark-chocolate-and-almond-high-protein-bar
223900,Well Naturally 99% Sugar Free Bites Strawberry 110g,$5.00,$4.55 / 100G,/shop/productdetails/223900/well-naturally-99-sugar-free-bites-strawberry
378821,Woolworths Roasted & Salted Pistachios 170g,$7.00,$41.18 / 1KG,/shop/productdetails/378821/woolworths-roasted-salted-pistachios
770802,Gullon Sugar Free Digestives Chocolate Each,$6.30,$2.33 / 100G,/shop/productdetails/770802/gullon-sugar-free-digestives-chocolate
56167,Byron Bay Cookies Gluten Free Dotty Cookie Bites 100g,$2.80,$2.80 / 100G,/shop/productdetails/56167/byron-bay-cookies-gluten-free-dotty-cookie-bites
148137,Woolworths Wasabi Pea Soy Crisp & Smoked Almond Mix 400g,$7.00,$17.50 / 1KG,/shop/productdetails/148137/woolworths-wasabi-pea-soy-crisp-smoked-almond-mix
774699,Golden Palm Medjool Dates Roll With Coconut Punnet 225g,$8.50,$37.78 / 1KG,/shop/productdetails/774699/golden-palm-medjool-dates-roll-with-coconut-punnet
646306,Woolworths Free From Gluten Buttermilk Pancake Mix 375g,$2.90,$0.77 / 100G,/shop/productdetails/646306/woolworths-free-from-gluten-buttermilk-pancake-mix
378654,Kez's Kitchen Gluten Free Lemon Cream Melting Moments 190g,$7.70,$4.05 / 100G,/shop/productdetails/378654/kez-s-kitchen-kitchen-gluten-free-lemon-cream-melting-moments
810771,Blue Dinosaur Paleo Bars Banana Bread 45g,$2.95,$6.56 / 100G,/shop/productdetails/810771/blue-dinosaur-paleo-bars-banana-bread
932514,The Happy Snack Company Kids Fava Beans Lightly Salted 10 Pack,$6.00,$4.00 / 100G,/shop/productdetails/932514/the-happy-snack-company-kids-fava-beans-lightly-salted
225627,Well Naturally 99% Sugar Free Snakes 90g,$5.00,$5.56 / 100G,/shop/productdetails/225627/well-naturally-99-sugar-free-snakes
694123,Macro Lentil Bites Carrot 6 Pack,$5.00,$4.63 / 100G,/shop/productdetails/694123/macro-lentil-bites-carrot
149011,Simply Wize Gluten Free Cauliflower Gnocci 400g,$6.50,$1.63 / 100G,/shop/productdetails/149011/simply-wize-gluten-free-cauliflower-gnocci
706807,Bsc Body Science High Protein Low Carb Bar Salted Caramel 60g,$4.50,$7.50 / 100G,/shop/productdetails/706807/bsc-body-science-high-protein-low-carb-bar-salted-caramel
815873,Woolworths Dried Goji Berries 150g,$4.70,$31.33 / 1KG,/shop/productdetails/815873/woolworths-dried-goji-berries
117647,Ceres Organics Coconut Rolls 80g,$3.50,$4.38 / 100G,/shop/productdetails/117647/ceres-organics-coconut-rolls-original
613921,Woolworths Banana Chips Snack 400g,$5.50,$13.75 / 1KG,/shop/productdetails/613921/woolworths-banana-chips-snack
775116,Woolworths Roasted & Salted Macadamias 120g,$7.00,$58.33 / 1KG,/shop/productdetails/775116/woolworths-roasted-salted-macadamias
236118,Macro Black Chia Seeds 1kg,$15.00,$1.50 / 100G,/shop/productdetails/236118/macro-black-chia-seeds
290780,Sunrice Mini Bites Mixin' Cheese 6 Pack,$4.50,$3.75 / 100G,/shop/productdetails/290780/sunrice-mini-bites-mixin-cheese
199016,Noway Collagen Jelly Bar Belgian Choc 60g,$4.95,$8.25 / 100G,/shop/productdetails/199016/no-way-noway-collagen-jelly-bar-belgian-choc
180251,The Happy Snack Company Chickpeas Choc Salted Caramel 5 Pack,$6.00,$6.00 / 100G,/shop/productdetails/180251/the-happy-snack-company-chickpeas-choc-salted-caramel
60042,Pico Organic Vegan Chocolate Super Dark 80g,$7.00,$8.75 / 100G,/shop/productdetails/60042/pico-organic-vegan-chocolate-super-dark
113131,Bc Snacks Honeycomb Chocolate Crunch High Protein Bar 40g,$3.00,$7.50 / 100G,/shop/productdetails/113131/bc-snacks-honeycomb-chocolate-crunch-high-protein-bar
173483,Mother Earth Wellbeing Bliss Chocolate Brownie Bars 5 Pack,N/A,N/A,/shop/productdetails/173483/mother-earth-wellbeing-bliss-chocolate-brownie-bars
751442,Go Natural Fruit Snacks Frugos Berry 150g,$5.00,$3.33 / 100G,/shop/productdetails/751442/go-natural-fruit-snacks-frugos-berry
901093,Woolworths Nut Mix Natural Premium 400g,$9.70,$24.25 / 1KG,/shop/productdetails/901093/woolworths-nut-mix-natural-premium
517214,Woolworths Free From Gluten Vanilla Cake Mix 430g,$3.00,$0.70 / 100G,/shop/productdetails/517214/woolworths-free-from-gluten-vanilla-cake-mix
182110,Tom & Luke Berry Buckwheat Snackaballs 88g,$4.50,$5.11 / 100G,/shop/productdetails/182110/tom-luke-berry-buckwheat-snackaballs
686554,Pana Organic Mint Chocolate 45g,$6.00,$13.33 / 100G,/shop/productdetails/686554/pana-organic-mint-chocolate
181872,Bc Snacks White Chocolate Raspberry Truffle High Protein Bar 40g,$3.00,$7.50 / 100G,/shop/productdetails/181872/bc-snacks-white-chocolate-raspberry-truffle-high-protein-bar
198654,No Way Collagen Choc Orange Jelly Bar 60g,$4.95,$8.25 / 100G,/shop/productdetails/198654/no-way-collagen-choc-orange-jelly-bar
81786,Koja Peanut Butter Choc Chip Crunch Bar 30g,$3.00,$10.00 / 100G,/shop/productdetails/81786/koja-peanut-butter-choc-chip-crunch-bar
181726,Health Lab Mirandas Delight Mylk Chocolate Bar 160g,$12.00,$7.50 / 100G,/shop/productdetails/181726/health-lab-mirandas-delight-mylk-chocolate-bar
636995,Bee Vital Organic Apple Cider Vinegar Vinegar With The Mother 500ml,$5.50,$1.10 / 100ML,/shop/productdetails/636995/bee-vital-organic-apple-cider-vinegar-vinegar-with-the-mother
369465,Woolworths Apricot Delight 250g,N/A,N/A,/shop/productdetails/369465/woolworths-apricot-delight
380715,All Natural Bakery Bars Oat Slice Yog Almond & Apricot 100g,$2.60,$2.60 / 100G,/shop/productdetails/380715/all-natural-bakery-bars-oat-slice-yog-almond-apricot
334872,Macro Pistachio Kernels 250g,$15.00,$60.00 / 1KG,/shop/productdetails/334872/macro-pistachio-kernels
114622,Munchme Cashew Sesame 120g,$6.00,$5.00 / 100G,/shop/productdetails/114622/munchme-cashew-sesame
185220,Woolworths Mixed Nuts & Fruit 750g Pack,$7.70,$10.27 / 1KG,/shop/productdetails/185220/woolworths-mixed-nuts-fruit
744551,Byron Bay Cookies Gluten Free White Choc Macadamia Cookie Bites 100g,$2.80,$2.80 / 100G,/shop/productdetails/744551/byron-bay-cookies-gluten-free-white-choc-macadamia-cookie-bites
192161,All Natural Bakery Bars Slice Oat Almond & Apricot 100g,$2.60,$2.60 / 100G,/shop/productdetails/192161/all-natural-bakery-bars-slice-oat-almond-apricot
184482,Funday Natural Sweets No Sugar Added Lollies Sour Peach Hearts 50g,$4.50,$9.00 / 100G,/shop/productdetails/184482/funday-natural-sweets-no-sugar-added-lollies-sour-peach-hearts
230507,Eskal Gluten Free Crackers 200g,N/A,N/A,/shop/productdetails/230507/eskal-gluten-free-crackers
173618,Mother Earth Wellbeing Boost Mixed Berry Bars 5 Pack,N/A,N/A,/shop/productdetails/173618/mother-earth-wellbeing-boost-mixed-berry-bars
229136,Bsc Body Science High Protein Low Carb Mousse Bar Cookies & Cream 55g,$4.50,$8.18 / 100G,/shop/productdetails/229136/bsc-body-science-high-protein-low-carb-mousse-bar-cookies-cream
225982,Well Naturally 99% Sugar Free Raspberry Jellies 90g,$5.00,$5.56 / 100G,/shop/productdetails/225982/well-naturally-99-sugar-free-raspberry-jellies
352687,Food For Health Bars Fruit Free 150g,$7.00,$4.67 / 100G,/shop/productdetails/352687/food-for-health-bars-fruit-free
81798,Koja Peanut Butter Caramel Bar 30g,$3.00,$10.00 / 100G,/shop/productdetails/81798/koja-peanut-butter-caramel-bar
334864,Macro Organic Cashews Nuts 500g,$15.00,$30.00 / 1KG,/shop/productdetails/334864/macro-organic-cashews-nuts
501764,Woolworths Hazelnut Kernels 110g,$4.25,$38.64 / 1KG,/shop/productdetails/501764/woolworths-hazelnut-kernels
357269,"Macro Natural Brazil, Almond & Cashew Spread 250g",$5.70,$2.28 / 100G,/shop/productdetails/357269/macro-natural-brazil-almond-cashew-spread
291286,All Natural Bakery Bars Oat Slice Yog Peach & Mango 100g,$2.60,$2.60 / 100G,/shop/productdetails/291286/all-natural-bakery-bars-oat-slice-yog-peach-mango
91552,Pitted Medjool Dates Punnet 340g,$11.50,$33.82 / 1KG,/shop/productdetails/91552/golden-palm-pitted-medjool-dates-punnet
91560,Aroma Juice 99.9% Aloe Vera 1l,$12.40,$12.40 / 1L,/shop/productdetails/91560/aroma-juice-99-9-aloe-vera
355126,Macro Cashew Kernels 500g,$12.00,$24.00 / 1KG,/shop/productdetails/355126/macro-cashew-kernels
334789,Macro Five Grain Porridge 750g,$3.50,$0.47 / 100G,/shop/productdetails/334789/macro-five-grain-porridge
171099,Crankt Protein + Energy Bar Chocolate Mud Cake 60g,$4.50,$7.50 / 100G,/shop/productdetails/171099/crankt-protein-energy-bar-chocolate-mud-cake
224434,Health Lab Cookies N Crème Custard Filled Balls 4 Pack,$12.00,$7.50 / 100G,/shop/productdetails/224434/health-lab-cookies-n-cr-me-custard-filled-balls
25981,Keep It Cleaner Protein Ball Cinnamon Doughnut 32g,$1.90,$5.94 / 100G,/shop/productdetails/25981/keep-it-cleaner-protein-ball-cinnamon-doughnut
466175,Orgran Gluten Free Breadcrumbs Premium Panko 300g,$5.30,$1.77 / 100G,/shop/productdetails/466175/orgran-gluten-free-breadcrumbs-premium-panko
117371,Greenback Plant Based Hazelnut Protein Bar 50g,$4.20,$8.40 / 100G,/shop/productdetails/117371/greenback-plant-based-hazelnut-protein-bar
335080,Macro Organic Buckwheat Raw 500g,$3.50,$0.70 / 100G,/shop/productdetails/335080/macro-organic-buckwheat-raw
189427,Munchme Pumpkin Seed Snack 60g,$3.00,$5.00 / 100G,/shop/productdetails/189427/munchme-pumpkin-seed-snack
184267,Bc Snacks Salted Caramel Fudge High Protein Bar 40g,$3.00,$7.50 / 100G,/shop/productdetails/184267/bc-snacks-salted-caramel-fudge-high-protein-bar
219559,Fodmapped For You Teriyaki Stir Fry Simmer Sauce 200g,$5.90,$2.95 / 100G,/shop/productdetails/219559/fodmapped-for-you-teriyaki-stir-fry-simmer-sauce
600472,Bsc Body Science High Protein Low Carb Bar Cookie Dough 60g,$4.50,$7.50 / 100G,/shop/productdetails/600472/bsc-body-science-high-protein-low-carb-bar-cookie-dough
726468,Ceres Organics Brown Rice Crackers Sour Cream & Chives 115g,$3.80,$3.30 / 100G,/shop/productdetails/726468/ceres-organics-brown-rice-crackers-sour-cream-chives
89143,Dj&a Shiitake Mushroom Crisps 65g,$6.00,$9.23 / 100G,/shop/productdetails/89143/dj-a-shiitake-mushroom-crisps
224807,Tasti Fruit Wholefood Balls Apple 18 Pack,$6.75,$3.26 / 100G,/shop/productdetails/224807/tasti-fruit-wholefood-balls-apple
669540,Woolworths Cashew Roasted & Salted Snack Pots 180g,$7.00,$38.89 / 1KG,/shop/productdetails/669540/woolworths-cashew-roasted-salted-snack-pots
223926,Health Lab Custard Filled Balls Cinnamon Donut 4 Pack,$12.00,$7.50 / 100G,/shop/productdetails/223926/health-lab-custard-filled-balls-cinnamon-donut
117718,Koja Peanut Butter Chocolate Bar 30g,$3.00,$10.00 / 100G,/shop/productdetails/117718/koja-peanut-butter-chocolate-bar
368718,Woolworths Mixed Nuts Oven Roasted 200g,$7.00,$35.00 / 1KG,/shop/productdetails/368718/woolworths-mixed-nuts-oven-roasted
27876,Herbamare Sauce Seasoning Herb Salt 250g,$8.50,$3.40 / 100G,/shop/productdetails/27876/herbamare-sauce-seasoning-herb-salt
133475,Macro Organic Dates 500g,$4.50,$0.90 / 100G,/shop/productdetails/133475/macro-organic-dates
600808,Woolworths Crunchy Natural Almonds 400g,$7.00,$17.50 / 1KG,/shop/productdetails/600808/woolworths-crunchy-natural-almonds
770074,Woolworths Free From Gluten Banana Bread 400g,$3.40,$0.85 / 100G,/shop/productdetails/770074/woolworths-free-from-gluten-banana-bread
225891,Wallaby Oven Baked Pretzel Twists Vegan Cheddar 100g,$6.50,$6.50 / 100G,/shop/productdetails/225891/wallaby-oven-baked-pretzel-twists-vegan-cheddar
884793,Loving Earth Salted Caramel Chocolate 80g,$5.50,$6.88 / 100G,/shop/productdetails/884793/loving-earth-salted-caramel-chocolate-chocolate
222766,Orgran Gluten Free Garden Veggie Puffs Sweet Corn 90g,$4.50,$5.00 / 100G,/shop/productdetails/222766/orgran-gluten-free-garden-veggie-puffs-sweet-corn
223832,Temole Avocado Chips Cheese 40g,$5.00,$12.50 / 100G,/shop/productdetails/223832/temole-avocado-chips-cheese
334871,Macro Organic Brazil Nuts 250g,$11.00,$44.00 / 1KG,/shop/productdetails/334871/macro-organic-brazil-nuts
63372,Messy Monkeys Choc Crunch Cereal 240g,$5.00,$2.08 / 100G,/shop/productdetails/63372/messy-monkeys-choc-crunch-cereal-choch-crunch
61975,Well Naturally No Sugar Added Chocolate Honeycomb 90g,N/A,N/A,/shop/productdetails/61975/well-naturally-no-sugar-added-chocolate-honeycomb
446573,Ceres Organics Coconut Aminos Seasoning 250ml,$9.00,$3.60 / 100ML,/shop/productdetails/446573/ceres-organics-coconut-aminos-seasoning
613706,Woolworths Brazil Nut Kernals 400g,$11.00,$27.50 / 1KG,/shop/productdetails/613706/woolworths-brazil-nut-kernals
26641,Macro Mixed Nuts 250g,$7.00,$2.80 / 100G,/shop/productdetails/26641/macro-mixed-nuts
795483,Well Naturally Bar Sugar Free Dark 90g,$5.00,$5.56 / 100G,/shop/productdetails/795483/well-naturally-bar-sugar-free-dark
117577,Greenback Plant Based Peanut Butter Protein Bar 50g,$4.20,$8.40 / 100G,/shop/productdetails/117577/greenback-plant-based-peanut-butter-protein-bar
476910,Braggs Apple Cider Vinegar 946ml,$19.00,$2.01 / 100ML,/shop/productdetails/476910/bragg-apple-cider-vinegar
884850,Loving Earth Hazelnut Chocolate 80g,$5.50,$6.88 / 100G,/shop/productdetails/884850/loving-earth-hazelnut-chocolate-chocolate
698064,Macro Organic Coconut Flour 400g,$4.00,$1.00 / 100G,/shop/productdetails/698064/macro-organic-coconut-flour
98069,Keep It Cleaner Protein Choc Fudge Ball 32g,$1.90,$5.94 / 100G,/shop/productdetails/98069/keep-it-cleaner-protein-choc-fudge-ball
224626,Tasti Fruit Wholefood Balls Orange 18 Pack,$6.75,$3.26 / 100G,/shop/productdetails/224626/tasti-fruit-wholefood-balls-orange
222964,Orgran Gluten Free Garden Veggie Puffs Tomato & Herb 90g,$4.50,$5.00 / 100G,/shop/productdetails/222964/orgran-gluten-free-garden-veggie-puffs-tomato-herb
687070,Woolworths Free From Gluten Original Crackers 160g,$4.20,$2.63 / 100G,/shop/productdetails/687070/woolworths-free-from-gluten-original-crackers
290047,Nomo Caramel Chocolate Bar 38g,$2.00,$5.26 / 100G,/shop/productdetails/290047/nomo-caramel-chocolate-bar
663277,Orgran Gluten Free Porridge Berry Sachets 210g,$6.00,$2.86 / 100G,/shop/productdetails/663277/orgran-gluten-free-porridge-berry-sachets
117732,Greenback Plant Based Salted Caramel Protein Bar 50g,$4.20,$8.40 / 100G,/shop/productdetails/117732/greenback-plant-based-salted-caramel-protein-bar
117715,Pb2 Powdered Peanut Butter 184g,$10.00,$5.43 / 100G,/shop/productdetails/117715/pb2-powdered-peanut-butter
179939,Orgran Gluten Free Crispbread Sweet Potato & Pumpkin 125g,$3.60,$2.88 / 100G,/shop/productdetails/179939/orgran-gluten-free-crispbread-sweet-potato-pumpkin
802971,All Natural Bakery Oat Slice 100g,$2.60,$2.60 / 100G,/shop/productdetails/802971/all-natural-bakery-oat-slice
231812,Macro Cashew Kernels 250g,$6.30,$25.20 / 1KG,/shop/productdetails/231812/macro-cashew-kernels
114577,Munchme Almond Blueberry 120g,$6.00,$5.00 / 100G,/shop/productdetails/114577/munchme-almond-blueberry
224366,Freedom Classic Corn Flakes Cereal 270g,$5.00,$1.85 / 100G,/shop/productdetails/224366/freedom-classic-corn-flakes-cereal
151927,Well Naturally Milk Choc Almonds 80g,$5.00,$6.25 / 100G,/shop/productdetails/151927/well-naturally-milk-choc-almonds
217155,Orgran Gluten Free Porridge Quinoa 500g,$8.00,$1.60 / 100G,/shop/productdetails/217155/orgran-gluten-free-porridge-quinoa
732369,Well Naturally No Sugar Added Milk Choc Bar 45g,$2.85,$6.33 / 100G,/shop/productdetails/732369/well-naturally-no-sugar-added-milk-choc-bar
726507,Ceres Organics Gherkins 670g,$7.00,$1.04 / 100G,/shop/productdetails/726507/ceres-organics-gherkins
334885,Macro Almond Meal 400g,$10.00,$25.00 / 1KG,/shop/productdetails/334885/macro-almond-meal
334868,Macro Dry Roasted Cashews Nuts 250g,$8.00,$32.00 / 1KG,/shop/productdetails/334868/macro-dry-roasted-cashews-nuts
236145,Funday Natural Sweets Fruity Flavoured Gummy Snakes 50g,$4.50,$9.00 / 100G,/shop/productdetails/236145/funday-natural-sweets-fruity-flavoured-gummy-snakes
686549,Macro Date Syrup 400g,$6.20,$1.55 / 100G,/shop/productdetails/686549/macro-date-syrup
608620,Macro Organic Toasted Coconut Flakes With Sea Salt 140g,$3.80,$2.71 / 100G,/shop/productdetails/608620/macro-organic-toasted-coconut-flakes-with-sea-salt
184879,Olina's Gluten Free Just Sprouted Pepita Seed Crackers 100g,$6.00,$6.00 / 100G,/shop/productdetails/184879/olina-s-gluten-free-just-sprouted-pepita-seed-crackers
98356,Bsc Body Science Collagen Low Carb Protein Bar Peanut Butter Chocolate 60g,$4.50,$7.50 / 100G,/shop/productdetails/98356/bsc-body-science-collagen-low-carb-protein-bar-peanut-butter-chocolate
684194,Well Naturally No Sugar Added Milk Choc Coconut 90g,$5.00,$5.56 / 100G,/shop/productdetails/684194/well-naturally-no-sugar-added-milk-choc-coconut
223889,Freedom Active Balance Cranberry & Buckwheat Cereal 400g,$7.50,$1.88 / 100G,/shop/productdetails/223889/freedom-active-balance-cranberry-buckwheat-cereal
192179,All Natural Bakery Bars Slice Oat Fruit & Nut 100g,$2.60,$2.60 / 100G,/shop/productdetails/192179/all-natural-bakery-bars-slice-oat-fruit-nut
698013,Woolworths Free From Gluten Waffle Cones 12 Pack,$4.50,$3.41 / 100G,/shop/productdetails/698013/woolworths-free-from-gluten-waffle-cones
291167,Macro Australian Pecans 250g,$10.00,$40.00 / 1KG,/shop/productdetails/291167/macro-australian-pecans
180577,Health Lab Whyte Cara-more Caramel Filled Ball 4 Pack,$12.00,$7.50 / 100G,/shop/productdetails/180577/health-lab-whyte-cara-more-caramel-filled-ball
347299,Well Naturally No Sugar Added Almond Chip Bar 45g,$2.85,$6.33 / 100G,/shop/productdetails/347299/well-naturally-no-sugar-added-almond-chip-bar
184901,Koja Dark Choc Chip Oat Bar 60g,$3.00,$5.00 / 100G,/shop/productdetails/184901/koja-dark-choc-chip-oat-bar
183989,Messy Monkeys Wholegrain Bites Cheese 6 Pack,$6.00,$5.00 / 100G,/shop/productdetails/183989/messy-monkeys-wholegrain-bites-cheese
257501,Bounce Load Up High Protein  Bar Choc Raspberry 60g,$5.00,$8.33 / 100G,/shop/productdetails/257501/bounce-load-up-high-protein-bar-choc-raspberry
357267,Macro Natural Cashew Spread 250g,$5.70,$2.28 / 100G,/shop/productdetails/357267/macro-natural-cashew-spread
153388,Health Lab Chewy Choc Chip Peanut Butter Protein Ball 40g,$3.35,$8.38 / 100G,/shop/productdetails/153388/health-lab-chewy-choc-chip-peanut-butter-protein-ball
189800,Karma Bites Popped Lotus Seeds Peri Peri 25g,$2.40,$9.60 / 100G,/shop/productdetails/189800/karma-bites-popped-lotus-seeds-peri-peri
770073,Woolworths Free From Gluten Brownie Mix 400g,$4.00,$1.00 / 100G,/shop/productdetails/770073/woolworths-free-from-gluten-brownie-mix
671970,Macro Organic Cacao Nibs Cacao Nibs 250g,$5.50,$2.20 / 100G,/shop/productdetails/671970/macro-organic-cacao-nibs-cacao-nibs
223886,Health Lab Custard Filled Balls Birthday Cake 4 Pack,$12.00,$7.50 / 100G,/shop/productdetails/223886/health-lab-custard-filled-balls-birthday-cake
671931,Macro Hemp Seed Protein Powder Protein Powder 200g,$8.00,$4.00 / 100G,/shop/productdetails/671931/macro-hemp-seed-protein-powder-protein-powder
113660,Munchme Roasted Almond 120g,$6.00,$5.00 / 100G,/shop/productdetails/113660/munchme-roasted-almond
229155,Something To Crow About Salt Caramel Cashew Gluten Free 130g,$6.40,$4.92 / 100G,/shop/productdetails/229155/something-to-crow-about-salt-caramel-cashew-gluten-free
769964,Woolworths Walnuts In Shell 500g,N/A,N/A,/shop/productdetails/769964/woolworths-walnuts-in-shell-in-shell
824220,Healtheries Sugar Free Bars Caramel Each,$1.70,$8.10 / 100G,/shop/productdetails/824220/healtheries-sugar-free-bars-caramel
115652,Munchme Roasted Almond Cashew 120g,$6.00,$5.00 / 100G,/shop/productdetails/115652/munchme-roasted-almond-cashew
224324,Orgran Gluten Free Garden Veggie Puffs Sweet Corn 6 Pack,$6.00,$5.00 / 100G,/shop/productdetails/224324/orgran-gluten-free-garden-veggie-puffs-sweet-corn
266069,Macro Dry Roasted Almonds 250g,$7.50,$30.00 / 1KG,/shop/productdetails/266069/macro-dry-roasted-almonds
334881,Macro Raw Nibble Mix 500g,$7.00,$1.40 / 100G,/shop/productdetails/334881/macro-raw-nibble-mix
180026,Health Lab Whyte Neapolitan Chocolate Ball 40g,$3.50,$8.75 / 100G,/shop/productdetails/180026/health-lab-whyte-neapolitan-chocolate-ball
224793,Fodmapped Chicken Lemon & Thyme Risotto 500g,$7.50,$1.50 / 100G,/shop/productdetails/224793/fodmapped-chicken-lemon-thyme-risotto
744555,Byron Bay Cookies Gluten Free Triple Choc Cookie Bites 100g,$2.80,$2.80 / 100G,/shop/productdetails/744555/byron-bay-cookies-gluten-free-triple-choc-cookie-bites
172662,Woolworths Mixed Nuts Roasted & Salted 750g Pack,$12.00,$16.00 / 1KG,/shop/productdetails/172662/woolworths-mixed-nuts-roasted-salted
347076,Woolworths Pecans Halves 400g Pack,$12.00,$30.00 / 1KG,/shop/productdetails/347076/woolworths-pecans-halves
228011,Frooze Balls Raspberry Dark Choc Vegan Energy Balls 210g,$6.80,$3.24 / 100G,/shop/productdetails/228011/frooze-balls-raspberry-dark-choc-vegan-energy-balls
257379,Noway Collagen Bar Birthday Cake 45g,$4.95,$11.00 / 100G,/shop/productdetails/257379/noway-collagen-bar-birthday-cake
65424,Mamee Monster Rice Stick Chicken Flavour 200g,$7.50,$3.75 / 100G,/shop/productdetails/65424/mamee-monster-rice-stick-chicken-flavour
224469,Freedom Classic Maple Crunch Cereal 360g,$6.80,$1.89 / 100G,/shop/productdetails/224469/freedom-classic-maple-crunch-cereal
24020,Go Natural Bars Yoghurt Coated Almond & Apricot 40g,$1.80,$4.50 / 100G,/shop/productdetails/24020/go-natural-bars-yoghurt-coated-almond-apricot
766471,Woolworths Macadamias Honey 400g Pack,$19.00,$47.50 / 1KG,/shop/productdetails/766471/woolworths-macadamias-honey
165365,Woolworths Peanuts In Shell 500g,$7.00,$14.00 / 1KG,/shop/productdetails/165365/woolworths-peanuts-in-shell
760413,Woolworths Tropical Dried Fruit Snack Mix 400g,$5.50,$13.75 / 1KG,/shop/productdetails/760413/woolworths-tropical-dried-fruit-snack-mix
182031,Health Lab Whyte Cara More Caramel Filled Ball 40g,$3.50,$8.75 / 100G,/shop/productdetails/182031/health-lab-whyte-cara-more-caramel-filled-ball
334869,Macro Roasted Nuts Mix 500g,$13.00,$26.00 / 1KG,/shop/productdetails/334869/macro-roasted-nuts-mix
291156,Macro Brazil Nuts 250g,$9.50,$38.00 / 1KG,/shop/productdetails/291156/macro-brazil-nuts
775117,Woolworths Honey Macadamia 120g,$7.00,$58.33 / 1KG,/shop/productdetails/775117/woolworths-honey-macadamia
172434,Bounce Cashew Caramel Protein Balls 4 Pack,$9.00,$5.63 / 100G,/shop/productdetails/172434/bounce-cashew-caramel-protein-balls
225471,Well Naturally 99% Sugar Free Bites Liquorice 110g,$5.00,$4.55 / 100G,/shop/productdetails/225471/well-naturally-99-sugar-free-bites-liquorice
133090,Woolworths Free From Gluten Tomato & Herb Crispbread 125g,$2.75,$2.20 / 100G,/shop/productdetails/133090/woolworths-free-from-gluten-tomato-herb-crispbread
76140,Go Natural Bar Fruit And Nut With Yoghurt 50g,$1.80,$3.60 / 100G,/shop/productdetails/76140/go-natural-bar-fruit-and-nut-with-yoghurt
700604,Bounce Cashew Caramel Energy Ball 40g,$2.50,$6.25 / 100G,/shop/productdetails/700604/bounce-cashew-caramel-energy-ball
223591,Pico Orange Crisp Dark Chocolate 80g,$7.00,$8.75 / 100G,/shop/productdetails/223591/pico-orange-crisp-dark-chocolate
368719,Woolworths Almonds Oven Roasted 225g,$7.00,$31.11 / 1KG,/shop/productdetails/368719/woolworths-almonds-oven-roasted
171215,Crankt Protein + Energy Bar Salted Caramel 60g,$4.50,$7.50 / 100G,/shop/productdetails/171215/crankt-protein-energy-bar-salted-caramel
378737,Go Natural Bars Macadamia Dream 50g,$3.00,$6.00 / 100G,/shop/productdetails/378737/go-natural-bars-macadamia-dream
347130,Macro Organic Turkish Figs Figs 500g,$11.00,$22.00 / 1KG,/shop/productdetails/347130/macro-organic-turkish-figs-figs
251790,Ceres Organics Pea Chips Salted 100g,$4.00,$4.00 / 100G,/shop/productdetails/251790/ceres-organics-pea-chips-salted
671992,Macro Buckwheat Spiral Pasta 300g,N/A,N/A,/shop/productdetails/671992/macro-buckwheat-spiral-pasta
62675,Well Naturally No Sugar Added Chocolate Hazelnut 90g,$5.00,$5.56 / 100G,/shop/productdetails/62675/well-naturally-no-sugar-added-chocolate-hazelnut
686548,Macro Falafel Mix 200g,$4.00,$2.00 / 100G,/shop/productdetails/686548/macro-falafel-mix
272574,Lowan Cocoa Bombs 300g,$4.00,$1.33 / 100G,/shop/productdetails/272574/lowan-cocoa-bombs
117693,Health Lab Peanut Butter Envy Nut Butter Filled Balls 200g,$12.75,$6.38 / 100G,/shop/productdetails/117693/health-lab-peanut-butter-envy-nut-butter-filled-balls
334861,Macro Organic Almonds 500g,$17.50,$35.00 / 1KG,/shop/productdetails/334861/macro-organic-almonds
795480,Well Naturally Bar Fruit & Nut 90g,$5.00,$5.56 / 100G,/shop/productdetails/795480/well-naturally-bar-fruit-nut
79949,Go Natural Bars Nut Delight 40g,$1.80,$4.50 / 100G,/shop/productdetails/79949/go-natural-bars-nut-delight
334865,Macro Organic Natural Cashews 250g,$7.80,$31.20 / 1KG,/shop/productdetails/334865/macro-organic-natural-cashews
288448,Vege Fusions Asian Corn Crisps 60g,$4.50,$7.50 / 100G,/shop/productdetails/288448/vege-chips-vege-fusions-asian-corn-crisps
162952,Kez's Kitchen Gluten Free Choc Peanut Florentines 185g,$7.70,$4.16 / 100G,/shop/productdetails/162952/kez-s-kitchen-kitchen-gluten-free-choc-peanut-florentines
183810,Koja Lemon & Coconut Oat Bar 60g,$3.00,$5.00 / 100G,/shop/productdetails/183810/koja-lemon-coconut-oat-bar
68189,Go Natural Savoury Bars Almond Cashews 45g,$1.80,$4.00 / 100G,/shop/productdetails/68189/go-natural-savoury-bars-almond-cashews
113177,Macro Cacao Crunch Toppers 150g,$4.00,$2.67 / 100G,/shop/productdetails/113177/macro-cacao-crunch-toppers
184936,Koja Maple Oat Bar 60g,$3.00,$5.00 / 100G,/shop/productdetails/184936/koja-maple-oat-bar
793245,Betty Crocker Chocolate Fudge Gluten Free Brownie Mix 450g,$7.00,$1.56 / 100G,/shop/productdetails/793245/betty-crocker-chocolate-fudge-gluten-free-brownie-mix
136023,Munchme Pistachio Cranberry Snack 60g,$3.00,$5.00 / 100G,/shop/productdetails/136023/munchme-pistachio-cranberry-snack
116387,Woolworths Snack Pot Salt & Vinegar Nut & Pretzel Mix 165g,$7.00,$42.42 / 1KG,/shop/productdetails/116387/woolworths-snack-pot-salt-vinegar-nut-pretzel-mix
235127,Macro Natural Almond Kernels 250g,$7.00,$28.00 / 1KG,/shop/productdetails/235127/macro-natural-almond-kernels
795482,Well Naturally Bar Milk 90g,$5.00,$5.56 / 100G,/shop/productdetails/795482/well-naturally-bar-milk
739520,All Natural Bakery Bars Macadamia & Apricot Oat Slice 100g,$2.60,$2.60 / 100G,/shop/productdetails/739520/all-natural-bakery-bars-macadamia-apricot-oat-slice
231808,Macro Macadamia Kernels 225g,$12.00,$53.33 / 1KG,/shop/productdetails/231808/macro-macadamia-kernels
61979,Well Naturally No Sugar Added Chocolate Salted Caramel 90g,$5.00,$5.56 / 100G,/shop/productdetails/61979/well-naturally-no-sugar-added-chocolate-salted-caramel
474367,Betty Crocker Vanilla Gluten Free Cupcake Mix 460g,$7.00,$1.52 / 100G,/shop/productdetails/474367/betty-crocker-vanilla-gluten-free-cupcake-mix
182112,Ceres Organic Brown Rice Crackers Smokey Bbq 115g,$3.80,$3.30 / 100G,/shop/productdetails/182112/ceres-organic-brown-rice-crackers-smokey-bbq
158685,Frooze Balls Choc Hazelnut 210g,$6.80,$3.24 / 100G,/shop/productdetails/158685/frooze-balls-choc-hazelnut
226201,Bc Snacks Choc Hazelnut Protein And Fibre  Nourish Ball 40g,$3.00,$7.50 / 100G,/shop/productdetails/226201/bc-snacks-choc-hazelnut-protein-and-fibre-nourish-ball
180826,Pico Organic Vegan Chocolate Sea Salt 80g,$7.00,$8.75 / 100G,/shop/productdetails/180826/pico-organic-vegan-chocolate-sea-salt
480248,Bc Snacks Salted Caramel & Chocolate Crunch High Protein Bar 40g,$3.00,$7.50 / 100G,/shop/productdetails/480248/bc-snacks-salted-caramel-chocolate-crunch-high-protein-bar
149299,Blue Dinosaur Cinnamon Scroll Bar 45g,$2.95,$6.56 / 100G,/shop/productdetails/149299/blue-dinosaur-cinnamon-scroll-bar
685639,Woolworths Snack Pots Nut Mix Roasted & Salted 200g,$7.00,$35.00 / 1KG,/shop/productdetails/685639/woolworths-snack-pots-nut-mix-roasted-salted
334866,Macro Dry Roasted & Salted Cashews Nuts 500g,$15.00,$30.00 / 1KG,/shop/productdetails/334866/macro-dry-roasted-salted-cashews-nuts
96092,Bsc Body Science High Protein Low Carb Bar Multi Pack Cookies & Cream 60g X 5pk,$19.00,$6.33 / 100G,/shop/productdetails/96092/bsc-body-science-high-protein-low-carb-bar-multi-pack-cookies-cream
824743,Healtheries No Added Sugar Bar Milk Chocolate 21g,$1.70,$8.10 / 100G,/shop/productdetails/824743/healtheries-no-added-sugar-bar-milk-chocolate
181926,Pico Organic Vegan Chocolate Milk 80g,$7.00,$8.75 / 100G,/shop/productdetails/181926/pico-organic-vegan-chocolate-milk
517215,Woolworths Free From Gluten Chocolate Cake Mix 430g,$3.00,$0.70 / 100G,/shop/productdetails/517215/woolworths-free-from-gluten-chocolate-cake-mix
227125,Bc Snacks Berry Coconut Protein And Collagen Nourish Ball 40g,$3.00,$7.50 / 100G,/shop/productdetails/227125/bc-snacks-berry-coconut-protein-and-collagen-nourish-ball
929287,Green's Gluten Free Golden Butter Cake Mix 470g,$5.00,$1.06 / 100G,/shop/productdetails/929287/green-s-gluten-free-golden-butter-cake-mix
218692,Orgran Gluten Free Porridge Honey Sachets 210g,$6.00,$2.86 / 100G,/shop/productdetails/218692/orgran-gluten-free-porridge-honey-sachets
256507,Bounce Load Up High Protein  Bar Choc Fudge 60g,$5.00,$8.33 / 100G,/shop/productdetails/256507/bounce-load-up-high-protein-bar-choc-fudge
184401,Harvest Box Chickpea Crisps Salt & Vinegar 85g,$4.50,$5.29 / 100G,/shop/productdetails/184401/harvest-box-chickpea-crisps-salt-vinegar
223864,Orgran Gluten Free Garden Veggie Puffs Tomato & Herb 6 Pack,$6.00,$5.00 / 100G,/shop/productdetails/223864/orgran-gluten-free-garden-veggie-puffs-tomato-herb
252256,Ceres Organics Pea Chips Salt & Vinegar 100g,$4.00,$0.00 / 0G,/shop/productdetails/252256/ceres-organics-pea-chips-salt-vinegar
117095,Well Naturally No Sugar Added White Chocolate 70g,$5.00,$7.14 / 100G,/shop/productdetails/117095/well-naturally-no-sugar-added-white-chocolate
368724,Woolworths Almonds Natural 225g,$7.00,$31.11 / 1KG,/shop/productdetails/368724/woolworths-almonds-natural
148335,Woolworths Orchard Dried Fruit Blend Snack Pot 200g,$7.00,$35.00 / 1KG,/shop/productdetails/148335/woolworths-orchard-dried-fruit-blend-snack-pot
184204,Harvest Box Crispy Chickpea Chips Salt & Vinegar 5 Pack,$4.80,$3.84 / 100G,/shop/productdetails/184204/harvest-box-crispy-chickpea-chips-salt-vinegar
148910,Bc Snacks Chocolate Brownie Espresso Energy Bar 40g,$3.00,$7.50 / 100G,/shop/productdetails/148910/bc-snacks-chocolate-brownie-espresso-energy-bar
226757,Frooze Balls Caramel Choc Peanut Butter 210g,$6.80,$3.24 / 100G,/shop/productdetails/226757/frooze-balls-caramel-choc-peanut-butter
355118,Macro Almond Kernels 500g,$13.00,$26.00 / 1KG,/shop/productdetails/355118/macro-almond-kernels
334873,Macro Fruit & Nut Roasted Mix 500g,$10.00,$20.00 / 1KG,/shop/productdetails/334873/macro-fruit-nut-roasted-mix
227272,Bc Snacks Peanut Butter Chocchip Protein And Energy Nourish Ball 40g,$3.00,$7.50 / 100G,/shop/productdetails/227272/bc-snacks-peanut-butter-chocchip-protein-and-energy-nourish-ball
16962,Atkins Low Carb Crispbread 100g,$4.40,$4.40 / 100G,/shop/productdetails/16962/atkins-low-carb-crispbread
148300,Woolworths Brown Rice Crisps 200g,$4.00,$20.00 / 1KG,/shop/productdetails/148300/woolworths-brown-rice-crisps
793246,Betty Crocker Devils Food Gluten Free Cake Mix 550g,$7.00,$1.27 / 100G,/shop/productdetails/793246/betty-crocker-devils-food-gluten-free-cake-mix
114378,Ceres Organics Banana Blossom 400g,$5.00,$1.25 / 100G,/shop/productdetails/114378/ceres-organics-banana-blossom
116986,Health Lab Peanut Butter Envy Nut Butter Filled Ball 40g,$3.35,$8.38 / 100G,/shop/productdetails/116986/health-lab-peanut-butter-envy-nut-butter-filled-ball
143960,Deliciou Plant Based Chicken 140g,$9.00,$6.43 / 100G,/shop/productdetails/143960/deliciou-plant-based-chicken
288117,Funday Natural Sweets Sour Cola Flavoured Bottles 50g,$4.50,$9.00 / 100G,/shop/productdetails/288117/funday-natural-sweets-sour-cola-flavoured-bottles
229710,Something To Crow About Pea Crisps Dill & Pickle 100g,$3.60,$3.60 / 100G,/shop/productdetails/229710/something-to-crow-about-pea-crisps-dill-pickle
229108,Health Lab Charlotte's Fix Caramel Choc Bars Plant Based Gluten Free 160g,$12.00,$7.50 / 100G,/shop/productdetails/229108/health-lab-charlotte-s-fix-caramel-choc-bars-plant-based-gluten-free
82341,Macro Maca Powder 150g,$4.50,$3.00 / 100G,/shop/productdetails/82341/macro-maca-powder
184205,Fodmapped For You Oven Baked Chocolate Maple Bars 6 Pack,$6.20,$2.95 / 100G,/shop/productdetails/184205/fodmapped-for-you-oven-baked-chocolate-maple-bars
291716,Vege Fusions Asian Vege Crisps 60g,$4.50,$7.50 / 100G,/shop/productdetails/291716/vege-chips-vege-fusions-asian-vege-crisps
116389,Woolworths Snack Pot Super Berry Nut & Seed Mix 200g,$7.00,$35.00 / 1KG,/shop/productdetails/116389/woolworths-snack-pot-super-berry-nut-seed-mix
150886,Kez's Kitchen Gluten Free Choc Golden Snaps 150g,$7.70,$5.13 / 100G,/shop/productdetails/150886/kez-s-kitchen-kitchen-gluten-free-choc-golden-snaps
180828,Health Lab Whyte Neapolitan Chocolate Filled Balls 4 Pack,$12.00,$7.50 / 100G,/shop/productdetails/180828/health-lab-whyte-neapolitan-chocolate-filled-balls
113179,Macro Cacao Craze Almonds 150g,$4.50,$3.00 / 100G,/shop/productdetails/113179/macro-cacao-craze-almonds
157663,Tom & Luke Fruit & Nut Snackballs Peanut Butter & Cacao 396g,$12.00,$3.03 / 100G,/shop/productdetails/157663/tom-luke-fruit-nut-snackballs-peanut-butter-cacao
668949,Woolworths Cashew Roasted Snack Pots 180g,$7.00,$38.89 / 1KG,/shop/productdetails/668949/woolworths-cashew-roasted-snack-pots
884788,Loving Earth 72% Dark Chocolate 80g,$5.50,$6.88 / 100G,/shop/productdetails/884788/loving-earth-72-dark-chocolate
63793,Connect Foods Pumpkin Seeds Cocoa & Sea Salt 125g,$4.00,$3.20 / 100G,/shop/productdetails/63793/connect-foods-pumpkin-seeds-cocoa-sea-salt
147898,Go Natural Choc Salted Caramel Bar 40g,$1.80,$4.50 / 100G,/shop/productdetails/147898/go-natural-choc-salted-caramel-bar
65685,Bc Snacks Peanut Butter Caramel Good Fats Bar 40g,$3.00,$7.50 / 100G,/shop/productdetails/65685/bc-snacks-peanut-butter-caramel-good-fats-bar
113180,Macro Golden Goodness Turmeric & Ginger Almonds 150g,$4.50,$3.00 / 100G,/shop/productdetails/113180/macro-golden-goodness-turmeric-ginger-almonds
698057,Macro Organic Brewers Yeast Cookies Oat & Honey 210g,$9.25,$4.40 / 100G,/shop/productdetails/698057/macro-organic-brewers-yeast-cookies-oat-honey
334884,Macro Organic Raw Macadamia Nuts 250g,$17.50,$70.00 / 1KG,/shop/productdetails/334884/macro-organic-raw-macadamia-nuts
203076,Chief Nutrition Chief Collagen Bar Hazelnut Brownie 45g,$5.00,$11.11 / 100G,/shop/productdetails/203076/chief-nutrition-chief-collagen-bar-hazelnut-brownie
256824,Wallaby Cookie Dough Bites Chocolate Macadamia With Maple 130g,$6.50,$5.00 / 100G,/shop/productdetails/256824/wallaby-cookie-dough-bites-chocolate-macadamia-with-maple
763150,Woolworths Cacao Almond Mix 400g,$5.00,$12.50 / 1KG,/shop/productdetails/763150/woolworths-cacao-almond-mix
116390,"Woolworths Snack Pot Cashew, Almond & Pecan Mix 200g",$7.00,$38.89 / 1KG,/shop/productdetails/116390/woolworths-snack-pot-cashew-almond-pecan-mix
223714,Freedom Active Balance Fruit & Seeds Muesli Cereal 500g,$7.50,$1.50 / 100G,/shop/productdetails/223714/freedom-active-balance-fruit-seeds-muesli-cereal
155971,Frooze Balls Peanut Butter & Jelly 210g,$6.80,$3.24 / 100G,/shop/productdetails/155971/frooze-balls-peanut-butter-jelly
224616,Freedom Active Balance Maple & Almond Multigrain Flakes Cereal 400g,$7.50,$1.88 / 100G,/shop/productdetails/224616/freedom-active-balance-maple-almond-multigrain-flakes-cereal
227990,Messy Monkeys Gluten Free Whole Grain Bites Pizza Flavour 6 Pack,N/A,N/A,/shop/productdetails/227990/messy-monkeys-gluten-free-whole-grain-bites-pizza-flavour
265492,Simply Wize Napolitana Pasta Sauce 500g,$5.80,$1.16 / 100G,/shop/productdetails/265492/simply-wize-napolitana-pasta-sauce
229133,Something To Crow About Keto Chilli Lime Almonds 140g,$6.40,$4.57 / 100G,/shop/productdetails/229133/something-to-crow-about-keto-chilli-lime-almonds
229707,Something To Crow About Pea Crisps Sea Salt & Balsamic Vinegar 100g,$3.60,$3.60 / 100G,/shop/productdetails/229707/something-to-crow-about-pea-crisps-sea-salt-balsamic-vinegar
227369,Keep It Cleaner Lentil Chips Sea Salt 90g,$2.75,$3.06 / 100G,/shop/productdetails/227369/keep-it-cleaner-keep-it-cleaner-lentil-chips-sea-salt
222157,Orgran Gluten Free Garden Veggie Puffs Sweet Potato & Paprika 90g,$4.50,$5.00 / 100G,/shop/productdetails/222157/orgran-gluten-free-garden-veggie-puffs-sweet-potato-paprika
274816,Lowan Rainbow Bombs 300g,$4.00,$1.33 / 100G,/shop/productdetails/274816/lowan-rainbow-bombs
148134,Woolworths Australian Nut Mix Roasted & Raw 400g,$10.00,$25.00 / 1KG,/shop/productdetails/148134/woolworths-australian-nut-mix-roasted-raw
350025,Food For Health Fruit Free Clusters Chia & Cinnamon 425g,$8.00,$1.88 / 100G,/shop/productdetails/350025/food-for-health-fruit-free-clusters-chia-cinnamon
229166,Messy Monkeys Gluten Free Lunchbox Loops Choc Shake Flavour 6 Pack,$6.00,$5.56 / 100G,/shop/productdetails/229166/messy-monkeys-gluten-free-lunchbox-loops-choc-shake-flavour
224485,Orgran Gluten Free Garden Veggie Puffs Sweet Potato 6 Pack,$6.00,$5.00 / 100G,/shop/productdetails/224485/orgran-gluten-free-garden-veggie-puffs-sweet-potato
90695,Macro Flaxseed Oil 200ml,$10.00,$5.00 / 100ML,/shop/productdetails/90695/macro-flaxseed-oil
647695,Fodmapped For You Simmer Sauce Butter Chicken Curry 200g,$5.90,$2.95 / 100G,/shop/productdetails/647695/fodmapped-for-you-simmer-sauce-butter-chicken-curry
189275,Karma Bites Popped Lotus Seeds Himalayan Pink Salt 25g,$2.40,$9.60 / 100G,/shop/productdetails/189275/karma-bites-popped-lotus-seeds-himalayan-pink-salt
68807,Nomo No Missing Out Creamy Chocolate Bar 38g,$2.00,$5.26 / 100G,/shop/productdetails/68807/nomo-no-missing-out-creamy-chocolate-bar
185009,Table Of Plenty Mini Rice Cakes Salted Caramel 60g,N/A,N/A,/shop/productdetails/185009/table-of-plenty-mini-rice-cakes-salted-caramel
376747,Atkins Endulge Bar Caramel Nut Multi Pack 5x34g,$15.00,$3.00 / 1EA,/shop/productdetails/376747/atkins-endulge-bar-caramel-nut-multi-pack
155235,Loving Earth Organic Plant Based White Wholefood Chocolate 80g,$5.50,$6.88 / 100G,/shop/productdetails/155235/loving-earth-organic-plant-based-white-wholefood-chocolate
181052,Off The Eaten Path Brown Rice Caramelised Onion 75g,$4.00,$5.33 / 100G,/shop/productdetails/181052/off-the-eaten-path-brown-rice-caramelised-onion
224465,Kez's Kitchen Gluten Free Double Choc Slammers 190g,$7.70,$4.05 / 100G,/shop/productdetails/224465/kez-s-kitchen-kitchen-gluten-free-double-choc-slammers
334797,Macro Cereal Gentle Fibre 500g,$5.00,$1.00 / 100G,/shop/productdetails/334797/macro-cereal-gentle-fibre
216858,Orgran Gluten Free Pasta Garden Veggie Spirals 300g,$3.00,$1.00 / 100G,/shop/productdetails/216858/orgran-gluten-free-pasta-garden-veggie-spirals
255370,The Lady Bar Choc Hazelnut 50g,$4.50,$9.00 / 100G,/shop/productdetails/255370/the-lady-bar-choc-hazelnut
18038,Atkins Endulge Caramel Nougat 35g,$3.40,$9.71 / 100G,/shop/productdetails/18038/atkins-endulge-caramel-nougat
829024,Gullon Biscuits Digestive Plain 400g,N/A,N/A,/shop/productdetails/829024/gullon-biscuits-digestive-plain
698019,Macro Australian Whole Grain Freekeh 500g,$7.00,$1.40 / 100G,/shop/productdetails/698019/macro-australian-whole-grain-freekeh
61845,Macro Organic Toasted Coconut Clusters 140g,$4.00,$2.86 / 100G,/shop/productdetails/61845/macro-organic-toasted-coconut-clusters
255314,The Lady Bar Chunky Choc 50g,$4.50,$9.00 / 100G,/shop/productdetails/255314/the-lady-bar-chunky-choc
225608,Bc Snacks Peppermint Choc Chip Protein And Prebiotics  Nourish Ball 40g,$3.00,$7.50 / 100G,/shop/productdetails/225608/bc-snacks-peppermint-choc-chip-protein-and-prebiotics-nourish-ball
226831,Bounce High Protein Peanut Butter Chocolate Cookie 65g,$3.20,$4.92 / 100G,/shop/productdetails/226831/bounce-high-protein-peanut-butter-chocolate-cookie
224782,Freedom Classic Honey-o Crunch Cereal 360g,$6.80,$1.89 / 100G,/shop/productdetails/224782/freedom-classic-honey-o-crunch-cereal
683027,Olina's Gluten Free Cranberry Pumpkin Cracker 100g,$6.00,$6.00 / 100G,/shop/productdetails/683027/olina-s-gluten-free-cranberry-pumpkin-cracker
647693,Fodmapped For You Simmer Sauce Green Curry 200g,$5.90,$2.95 / 100G,/shop/productdetails/647693/fodmapped-for-you-simmer-sauce-green-curry
63506,Go Natural Hiprotein Mixed Berry Bar 60g,$3.50,$5.83 / 100G,/shop/productdetails/63506/go-natural-hiprotein-mixed-berry-bar
334879,Macro Natural Raw Nuts Mix 500g,$13.00,$26.00 / 1KG,/shop/productdetails/334879/macro-natural-raw-nuts-mix
480238,Bc Snacks Milk Chocolate & Hazelnut No Added Sugar Bar 40g,$3.00,$7.50 / 100G,/shop/productdetails/480238/bc-snacks-milk-chocolate-hazelnut-no-added-sugar-bar
256574,Bounce Keto Fat Bomb Bar Choc Hazelnut 35g,$2.00,$5.71 / 100G,/shop/productdetails/256574/bounce-keto-fat-bomb-bar-choc-hazelnut
526256,Woolworths Chocolate & Nut Mix 200g,$7.00,$35.00 / 1KG,/shop/productdetails/526256/woolworths-chocolate-nut-mix
153166,Atkins Endulge Chocolate Coated Almonds 5 Pack,$15.00,$3.00 / 1EA,/shop/productdetails/153166/atkins-endulge-chocolate-coated-almonds
473393,Ceres Organics Maple Syrup,$14.00,$5.60 / 100ML,/shop/productdetails/473393/ceres-organics-maple-syrup
223732,Macro Wholefoods Market Mini Multigrain Rice Cakes Vegan Chocolate 58g,$3.50,$6.03 / 100G,/shop/productdetails/223732/macro-wholefoods-market-mini-multigrain-rice-cakes-vegan-chocolate
255250,Bounce Keto Fat Bomb Bar Almond Vanilla 35g,$2.00,$5.71 / 100G,/shop/productdetails/255250/bounce-keto-fat-bomb-bar-almond-vanilla
183139,Fodmapped Oven Baked Bars Cranberry Vanilla 210g,$6.20,$2.95 / 100G,/shop/productdetails/183139/fodmapped-oven-baked-bars-cranberry-vanilla
79950,Go Natural Bar Almond & Apricot 40g,$1.80,$4.50 / 100G,/shop/productdetails/79950/go-natural-bar-almond-apricot
706542,Woolworths Cranberry & Nut Mix 200g,$7.00,$35.00 / 1KG,/shop/productdetails/706542/woolworths-cranberry-nut-mix
647692,Fodmapped For You Red Wine & Italian Herbs Tomato Pasta Sauce 375g,$6.50,$1.73 / 100G,/shop/productdetails/647692/fodmapped-for-you-red-wine-italian-herbs-tomato-pasta-sauce
229469,Something To Crow About Keto Bbq Almonds 140g,$6.40,$4.57 / 100G,/shop/productdetails/229469/something-to-crow-about-keto-bbq-almonds
112257,Woolworths Plantitude Vegan Mac'n Cheeze Facon 200g,$6.00,$3.00 / 100G,/shop/productdetails/112257/woolworths-plantitude-vegan-mac-n-cheeze-facon
171223,Crankt Protein + Energy Bar Raspberry & Coconut 60g,$4.50,$7.50 / 100G,/shop/productdetails/171223/crankt-protein-energy-bar-raspberry-coconut
286351,Ceres Organics Popped Rice Chips Sour Cream & Chives 100g,$5.00,$5.00 / 100G,/shop/productdetails/286351/ceres-organics-popped-rice-chips-sour-cream-chives
223734,Macro Mini Multigrain Rice Cakes Vegan Dark Chocolate 58g,$3.50,$6.03 / 100G,/shop/productdetails/223734/macro-mini-multigrain-rice-cakes-vegan-dark-chocolate
229930,Something To Crow About Pea Crisps Lightly Salted 100g,$3.60,$3.60 / 100G,/shop/productdetails/229930/something-to-crow-about-pea-crisps-lightly-salted
231568,Fod Bods Peanut Butter & Choc Chunk Bar 50g,$3.20,$6.40 / 100G,/shop/productdetails/231568/fodbods-fod-bods-peanut-butter-choc-chunk-bar
37207,Sanitarium Vegie Delight Gf Nutolene 415g,$6.00,$1.45 / 100G,/shop/productdetails/37207/sanitarium-vegie-delight-gf-nutolene
255266,Wallaby Cookie Dough Bites Double Chocolate Hazelnut 130g,$6.50,$5.00 / 100G,/shop/productdetails/255266/wallaby-cookie-dough-bites-double-chocolate-hazelnut
223871,Freedom Active Balance Cashews & Pepitas Cereal 400g,$7.50,$1.88 / 100G,/shop/productdetails/223871/freedom-active-balance-cashews-pepitas-cereal
184393,Harvest Box Chickpea Crisp Chicken 5 Pack,$4.80,$3.84 / 100G,/shop/productdetails/184393/harvest-box-chickpea-crisp-chicken
255127,The Lady Bar Choc Berry 50g,$4.50,$9.00 / 100G,/shop/productdetails/255127/the-lady-bar-choc-berry
138369,Bonvit Psyllium Husks 500g,$15.60,$3.12 / 100G,/shop/productdetails/138369/bonvit-psyllium-husks
190962,Karma Bites Popped Lotus Seeds Caramel 25g,$2.40,$9.60 / 100G,/shop/productdetails/190962/karma-bites-popped-lotus-seeds-caramel
183808,Koja Choc Brownie Almond Bar 45g,$3.00,$6.67 / 100G,/shop/productdetails/183808/koja-choc-brownie-almond-bar
228522,Messy Monkeys Honey Joy Flavour Loops 108g,$6.00,$5.56 / 100G,/shop/productdetails/228522/messy-monkeys-honey-joy-flavour-loops
180801,Olina's Gluten Free Fig & Almond Crackers 100g,$6.00,$6.00 / 100G,/shop/productdetails/180801/olina-s-gluten-free-fig-almond-crackers
117534,Pb2 Peanut Powder With Cocoa 184g,$10.00,$5.43 / 100G,/shop/productdetails/117534/pb2-peanut-powder-with-cocoa
160102,Tom & Luke Fruit & Nut Snackballs Salted Caramel 396g,$12.00,$3.03 / 100G,/shop/productdetails/160102/tom-luke-fruit-nut-snackballs-salted-caramel
1073961630,Tea Gardens Sparkling Apple Cider Vinegar Lime 350ml,$29.90,$7.12 / 1L,/shop/productdetails/1073961630/tea-gardens-sparkling-apple-cider-vinegar-lime-350ml
303928,Vitawerx Puff'd Protein Crisps Milk Choc 60g,$6.50,$10.83 / 100G,/shop/productdetails/303928/vitawerx-puff-d-protein-crisps-milk-choc
152633,Blue Dinosaur Cheesecake Base Bar 45g,$2.95,$6.56 / 100G,/shop/productdetails/152633/blue-dinosaur-cheesecake-base-bar
224752,Freedom Active Balance Almond & Cashew Multigrain Flakes Cereal 400g,$7.50,$1.88 / 100G,/shop/productdetails/224752/freedom-active-balance-almond-cashew-multigrain-flakes-cereal
133477,Macro Organic Australian Hulled Millet 500g,$5.50,$1.10 / 100G,/shop/productdetails/133477/macro-organic-australian-hulled-millet
228435,Keep It Cleaner Lentil Chips Sea Salt Roast Garlic Vegan 90g,$2.75,$3.06 / 100G,/shop/productdetails/228435/keep-it-cleaner-lentil-chips-sea-salt-roast-garlic-vegan
22776,Atkins Low Carb Endulge Milk Chocolate Mint Crisp 5 Pack,$15.00,$3.00 / 1EA,/shop/productdetails/22776/atkins-low-carb-endulge-milk-chocolate-mint-crisp
229372,Bsc Body Science Leanest Low Carb High Protein Bar Multipack Chocberry Ripple 30g X 7pk,$19.00,$9.05 / 100G,/shop/productdetails/229372/bsc-body-science-leanest-low-carb-high-protein-bar-multipack-chocberry-ripple
291936,Health Lab Low Sugar Chocolate Diamond Variety Mix 150g,$14.00,$9.33 / 100G,/shop/productdetails/291936/health-lab-low-sugar-chocolate-diamond-variety-mix
227117,Keep It Cleaner	 Lentil Chips Vegan Cheese & Jalapeno 90g,$2.75,$3.06 / 100G,/shop/productdetails/227117/keep-it-cleaner-keep-it-cleaner-lentil-chips-vegan-cheese-jalapeno
1074025770,Quest Protein Bar - Caramel Chocolate Chunk 12pc 60g,$57.00,$4.75 / 1EA,/shop/productdetails/1074025770/quest-protein-bar-caramel-chocolate-chunk-12pc-60g
179978,Bc Snacks White Choc Cookies And Cream Energy Bar 40g,$3.00,$7.50 / 100G,/shop/productdetails/179978/bc-snacks-white-choc-cookies-and-cream-energy-bar
1074025776,Quest Protein Bar - Choc Chip Cookie Dough 12pc 60g,$56.00,$4.67 / 1EA,/shop/productdetails/1074025776/quest-protein-bar-choc-chip-cookie-dough-12pc-60g
256363,The Man Bar Chunky Choc 50g,$4.50,$9.00 / 100G,/shop/productdetails/256363/the-man-bar-chunky-choc
304218,Vitawerx Puff'd Protein Crisps White Choc 60g,$6.50,$10.83 / 100G,/shop/productdetails/304218/vitawerx-puff-d-protein-crisps-white-choc
148882,No Ugly No Ugly Juice Sleep 250ml,$4.50,$1.80 / 100ML,/shop/productdetails/148882/no-ugly-juice-sleep
647690,Fodmapped For You Lamb & Vegetable Soup 500g,$7.10,$1.42 / 100G,/shop/productdetails/647690/fodmapped-for-you-lamb-vegetable-soup
255317,Bounce Low Carb Bar Caramel Cookie Dough 35g,$3.50,$10.00 / 100G,/shop/productdetails/255317/bounce-low-carb-bar-caramel-cookie-dough
290334,Bc Snacks High Protein Bars Chocolate Brownie Crunch 4 Pack,$12.00,$7.50 / 100G,/shop/productdetails/290334/bc-snacks-high-protein-bars-chocolate-brownie-crunch
170728,Tom & Luke Dose & Co Collagen Balls Caramel 140g,$5.50,$3.93 / 100G,/shop/productdetails/170728/tom-luke-dose-co-collagen-balls-caramel
170501,Tom & Luke Dose & Co Collagen Balls Chocolate Fudge 140g,$5.50,$3.93 / 100G,/shop/productdetails/170501/tom-luke-dose-co-collagen-balls-chocolate-fudge
149303,Fodmapped Tomato Pasta Sauce Bolognaise 375g,$6.50,$1.73 / 100G,/shop/productdetails/149303/fodmapped-tomato-pasta-sauce-bolognaise
203071,Chief Nutrition Chief Collagen Bar Cashew Shortbread 45g,$5.00,$11.11 / 100G,/shop/productdetails/203071/chief-nutrition-chief-collagen-bar-cashew-shortbread
182439,Loving Earth Earth Dirty Rose Chocolate 45g,$5.50,$12.22 / 100G,/shop/productdetails/182439/loving-earth-earth-dirty-rose-chocolate
1073779039,Vego Vegolino 180g,$12.95,$7.19 / 100G,/shop/productdetails/1073779039/vego-vegolino-180g
229428,Bounce High Protein Peanut Butter Jelly Cookie 65g,$3.20,$4.92 / 100G,/shop/productdetails/229428/bounce-high-protein-peanut-butter-jelly-cookie
263334,Renovatio Activated Apple Cider Vinegar 500ml,$10.00,$2.00 / 100ML,/shop/productdetails/263334/renovatio-activated-apple-cider-vinegar
290920,Sunrice Crunch 'ems Salt & Vinegar 6 Pack,$4.80,$4.00 / 100G,/shop/productdetails/290920/sunrice-crunch-ems-salt-vinegar
255078,The Lady Bar Choc Mint 50g,$4.50,$9.00 / 100G,/shop/productdetails/255078/the-lady-bar-choc-mint
180749,Bc Snacks Dark Choc Orange Energy Bar 40g,$3.00,$7.50 / 100G,/shop/productdetails/180749/bc-snacks-dark-choc-orange-energy-bar
172991,Bsc Body Science High Protein Low Carb Plant Bar Peanut Choc 45g,$4.50,$10.00 / 100G,/shop/productdetails/172991/bsc-body-science-high-protein-low-carb-plant-bar-peanut-choc
1073779546,Dandies Vegan Vanilla Marshmallows Regular Size 283g,$11.96,$4.23 / 100G,/shop/productdetails/1073779546/dandies-vegan-vanilla-marshmallows-regular-size-283g
251961,Health Guru Cauliflower Puffs Vegan Cheddar Cheese 56g,$5.00,$8.93 / 100G,/shop/productdetails/251961/health-guru-cauliflower-puffs-vegan-cheddar-cheese
297005,Naturally Good Peanut Mylk Partyz 135g,$11.00,$8.15 / 100G,/shop/productdetails/297005/naturally-good-peanut-mylk-partyz
289429,Sunrice Crunch 'ems Oven Baked Rice Snacks Grizzly Bbq 6 Pack,$4.80,$4.00 / 100G,/shop/productdetails/289429/sunrice-crunch-ems-oven-baked-rice-snacks-grizzly-bbq
202653,No Ugly Gut Cranberry Wellness Tonic 250ml,$4.50,$1.80 / 100ML,/shop/productdetails/202653/no-ugly-gut-cranberry-wellness-tonic
183990,Harvest Box Chickpea Crisps Salted 85g,$4.50,$5.29 / 100G,/shop/productdetails/183990/harvest-box-chickpea-crisps-salted
1073962678,Musashi Chocolate Protein Wafer Box 12 x 40g,$43.09,$8.98 / 100G,/shop/productdetails/1073962678/musashi-chocolate-protein-wafer-box-12-x-40g
223733,Macro Wholefoods Market Mini Multigrain Rice Cakes Vegan Chocolate Snack Packs 78g X 6 Pack,$5.00,$6.41 / 100G,/shop/productdetails/223733/macro-wholefoods-market-mini-multigrain-rice-cakes-vegan-chocolate-snack-packs
218605,Orgran Gluten Free Pasta Garden Veggie Penne 300g,$3.00,$1.00 / 100G,/shop/productdetails/218605/orgran-gluten-free-pasta-garden-veggie-penne
255091,The Man Bar Choc Berry 50g,$4.50,$9.00 / 100G,/shop/productdetails/255091/the-man-bar-choc-berry
257152,Bounce Low Carb Bar Caramel Peanut Butter 35g,$3.50,$10.00 / 100G,/shop/productdetails/257152/bounce-low-carb-bar-caramel-peanut-butter
253141,Ceres Organics Popped Rice Chips Barbeque 100g,$5.00,$5.00 / 100G,/shop/productdetails/253141/ceres-organics-popped-rice-chips-barbeque
116980,Food For Health Fruit Free Bars With Sea Salt & Caramel 6 Pack,$7.00,$4.67 / 100G,/shop/productdetails/116980/food-for-health-fruit-free-bars-with-sea-salt-caramel
184186,Koja Apple Spice Almond Bar 45g,$3.00,$6.67 / 100G,/shop/productdetails/184186/koja-apple-spice-almond-bar
7809,Macro Cereal Granules Lecithin 250g,$8.00,$3.20 / 100G,/shop/productdetails/7809/macro-cereal-granules-lecithin
303963,Health Lab Less Sugar Naturally Mylk Chocolate Peanut Brownie Balls 5 Pack,$12.75,$7.29 / 100G,/shop/productdetails/303963/health-lab-less-sugar-naturally-mylk-chocolate-peanut-brownie-balls
202633,Chief Nutrition Beauty Food Collagen Cookie Choc Chic 30g,$4.00,$13.33 / 100G,/shop/productdetails/202633/chief-nutrition-beauty-food-collagen-cookie-choc-chic
301154,Health Lab Less Sugar Naturally Mylk Chocolate Raspberry Balls 5 Pack,$12.75,$7.29 / 100G,/shop/productdetails/301154/health-lab-less-sugar-naturally-mylk-chocolate-raspberry-balls
182020,Loving Earth Caramel Swayzee Dark Chocolate 45g,$5.50,$12.22 / 100G,/shop/productdetails/182020/loving-earth-caramel-swayzee-dark-chocolate
757183,Atkins Day Break Hazelnut Bar 5 Pack,$14.00,$7.57 / 100G,/shop/productdetails/757183/atkins-day-break-hazelnut-bar
812123,Chef's Choice Organic Pearl Barley 500g,$4.00,$0.80 / 100G,/shop/productdetails/812123/chef-s-choice-organic-pearl-barley
302694,Naturally Good Crispy Partyz 125g,$11.00,$8.80 / 100G,/shop/productdetails/302694/naturally-good-crispy-partyz
1073972004,Tea Gardens Sparkling Apple Cider Vinegar Apple 350ml,$29.90,$7.12 / 1L,/shop/productdetails/1073972004/tea-gardens-sparkling-apple-cider-vinegar-apple-350ml
116386,"Woolworths Snack Pot Almond, Coconut & Cherry Mix 200g",$7.00,$40.00 / 1KG,/shop/productdetails/116386/woolworths-snack-pot-almond-coconut-cherry-mix
147413,Food For Health Cacao & Coconut Clusters 425g,$8.00,$1.88 / 100G,/shop/productdetails/147413/food-for-health-cacao-coconut-clusters
662195,Food For Health Nutty Almond Clusters Clusters 425g,$8.00,$1.88 / 100G,/shop/productdetails/662195/food-for-health-nutty-almond-clusters-clusters
255328,The Man Bar Choc Hazelnut 50g,$4.50,$9.00 / 100G,/shop/productdetails/255328/the-man-bar-choc-hazelnut
153291,Atkins Endulge Turkish Delight Low Carb Bar 30g,$3.40,$11.33 / 100G,/shop/productdetails/153291/atkins-endulge-turkish-delight-low-carb-bar
174275,Bsc Body Science High Protein Low Carb Plant Bar Cookies & Cream 45g,$4.50,$10.00 / 100G,/shop/productdetails/174275/bsc-body-science-high-protein-low-carb-plant-bar-cookies-cream
304173,Health Lab Low Sugar Mylk Chocolate Diamonds Peanut Butter 150g,$12.00,$8.00 / 100G,/shop/productdetails/304173/health-lab-low-sugar-mylk-chocolate-diamonds-peanut-butter
1073779830,Pbco. Protein Cookies Mix Plant Protein,$15.95,$26.58 / 100ML,/shop/productdetails/1073779830/pbco-protein-cookies-mix-plant-protein
225833,Well Naturally No Sugar Added White Choc Coated Almonds 70g,$5.00,$7.14 / 100G,/shop/productdetails/225833/well-naturally-no-sugar-added-white-choc-coated-almonds
1073898350,BSc Body Science High Protein Low Carb Plant Bar Salted Caramel Box 12 X 45g,$45.00,,/shop/productdetails/1073898350/bsc-body-science-high-protein-low-carb-plant-bar-salted-caramel-box-12-x-45g
303952,Health Lab Less Sugar Naturally Mylk Chocolate Peanut Butter Balls 5 Pack,$12.75,$7.29 / 100G,/shop/productdetails/303952/health-lab-less-sugar-naturally-mylk-chocolate-peanut-butter-balls
1073962684,Musashi Choc Peanut Butter Protein Cookie Box 12 x 58g,$48.49,$6.97 / 100G,/shop/productdetails/1073962684/musashi-choc-peanut-butter-protein-cookie-box-12-x-58g
255999,The Man Bar Choc Peanut Butter 50g,$4.50,$9.00 / 100G,/shop/productdetails/255999/the-man-bar-choc-peanut-butter
230569,Well Naturally Dark Chocolate No Sugar Added Bar 45g,$2.85,$6.33 / 100G,/shop/productdetails/230569/well-naturally-dark-chocolate-no-sugar-added-bar
164695,Woolworths Roast Nut Mix With Waffle Pretzels 750g,N/A,N/A,/shop/productdetails/164695/woolworths-roast-nut-mix-with-waffle-pretzels
676753,Atkins Endulge Milk Chocolate 5 Pack,$15.00,$3.00 / 1EA,/shop/productdetails/676753/atkins-endulge-milk-chocolate
223916,Freedom Active Balance Apple & Sultana Multigrain Flakes 400g,$7.50,$1.88 / 100G,/shop/productdetails/223916/freedom-active-balance-apple-sultana-multigrain-flakes
292967,Health Lab Low Sugar Mylk Chocolate Dipped Roasted Peanuts 150g,$12.00,$8.00 / 100G,/shop/productdetails/292967/health-lab-low-sugar-mylk-chocolate-dipped-roasted-peanuts
133488,Macro Organic Brewers Yeast Cookies Orange & Chia 210g,$9.25,$4.40 / 100G,/shop/productdetails/133488/macro-organic-brewers-yeast-cookies-orange-chia
202668,Chief Nutrition Beauty Food Collagen Cookie Peanut Nutter 30g,$4.00,$13.33 / 100G,/shop/productdetails/202668/chief-nutrition-beauty-food-collagen-cookie-peanut-nutter
1074046990,Eat For You Little Hero Chocolate and Coconut Health Bars 12 Pack/60g each,$59.40,$8.25 / 100G,/shop/productdetails/1074046990/eat-for-you-little-hero-chocolate-and-coconut-health-bars-12-pack-60g-each
221810,Fine Fettle Zucchini Noodles 20g,$7.00,$35.00 / 100G,/shop/productdetails/221810/fine-fettle-zucchini-noodles
223735,Macro Wholefoods Market Mini Multigrain Rice Cakes Vegan Dark Chocolate 6 Pack,$5.00,$6.41 / 100G,/shop/productdetails/223735/macro-wholefoods-market-mini-multigrain-rice-cakes-vegan-dark-chocolate
1073961576,Tea Gardens Probiotic Iced Tea Passionfruit 800ml x 24,$69.60,$3.63 / 1L,/shop/productdetails/1073961576/tea-gardens-probiotic-iced-tea-passionfruit-800ml-x-24
289428,Bc Snacks High Protein Dark Chocolate Almond Bars Multipack 40g X 4 Pack,$12.00,$7.50 / 100G,/shop/productdetails/289428/bc-snacks-high-protein-dark-chocolate-almond-bars-multipack
291066,Kez's Kitchen Mini Bites Chocolate Chip 5 Pack,$7.00,$5.60 / 100G,/shop/productdetails/291066/kez-s-kitchen-mini-bites-chocolate-chip
730668,Atkins Endulge Bar Chocolate & Coconut 5 Pack,$15.00,$3.00 / 1EA,/shop/productdetails/730668/atkins-endulge-bar-chocolate-coconut
256583,The Lady Bar Choc Peanut Butter 50g,$4.50,$9.00 / 100G,/shop/productdetails/256583/the-lady-bar-choc-peanut-butter
229092,Celebrity Slim Program Rapid Chocolate Flavoured Shake Real Cocoa 480g,$12.50,$2.60 / 100G,/shop/productdetails/229092/celebrity-slim-program-rapid-chocolate-flavoured-shake-real-cocoa
184866,Harvest Box Chickpea Crisps Chicken 85g,$4.50,$5.29 / 100G,/shop/productdetails/184866/harvest-box-chickpea-crisps-chicken
290240,Health Lab Low Sugar Mylk Chocolate Dipped Roasted Almonds 150g,$12.00,$8.00 / 100G,/shop/productdetails/290240/health-lab-low-sugar-mylk-chocolate-dipped-roasted-almonds
300937,Health Lab Low Sugar Mylk Chocolate Mint Balls 175g,$12.75,$7.29 / 100G,/shop/productdetails/300937/health-lab-low-sugar-mylk-chocolate-mint-balls
184972,Koja Berry & Coconut Almond Bar 45g,$3.00,$6.67 / 100G,/shop/productdetails/184972/koja-berry-coconut-almond-bar
172332,Tom & Luke Dose & Co Collagen Bar Chocolate Fudge 50g,$2.50,$5.00 / 100G,/shop/productdetails/172332/tom-luke-dose-co-collagen-bar-chocolate-fudge
112725,Dj&a Veggie Crisps Original 90g,$6.00,$6.67 / 100G,/shop/productdetails/112725/dj-a-veggie-crisps-original
303927,Naturally Good Original Mylk Partyz 135g,$11.00,$8.15 / 100G,/shop/productdetails/303927/naturally-good-original-mylk-partyz
219990,Ceres Organic Sliced Beetroot No Added Sugar 330g,$5.00,$1.52 / 100G,/shop/productdetails/219990/ceres-organic-sliced-beetroot-no-added-sugar
1073834000,Pbco Almond Flour Premium Australian 800g,$24.95,$24.95 / 1EA,/shop/productdetails/1073834000/pbco-almond-flour-premium-australian-800g
231555,Fodbods Lemon & Coconut Bar 50g,$3.20,$6.40 / 100G,/shop/productdetails/231555/fodbods-lemon-coconut-bar
303976,Naturally Good Mylk Zillions 135g,$11.00,$8.15 / 100G,/shop/productdetails/303976/naturally-good-mylk-zillions
97,Sun Health Bars Macadamia & Honey 35g,$3.00,$8.57 / 100G,/shop/productdetails/97/sun-health-bars-macadamia-honey
381978,Bellamy's Organic Veggie Macaroni 175g,$4.90,$2.80 / 100G,/shop/productdetails/381978/bellamy-s-organic-veggie-macaroni
285814,Health Guru Cauliflower Puffs Just Bbq 56g,$5.00,$8.93 / 100G,/shop/productdetails/285814/health-guru-cauliflower-puffs-just-bbq
199082,Melrose Mct Kick Start 250ml,$12.00,$4.80 / 100ML,/shop/productdetails/199082/melrose-mct-kick-start
229073,Celebrity Slim Lollipops 10 Pack,$5.00,$5.00 / 100G,/shop/productdetails/229073/celebrity-slim-lollipops
301145,Health Lab Mylk Chocolate Peanut Butter Ball Less Sugar 40g,$3.50,$8.75 / 100G,/shop/productdetails/301145/health-lab-mylk-chocolate-peanut-butter-ball-less-sugar
288894,Well Naturally No Sugar Added Milk Chocolate Bars 45g X 4 Pack,$11.00,$6.11 / 100G,/shop/productdetails/288894/well-naturally-no-sugar-added-milk-chocolate-bars
183999,Go Natural Macadamia Dream Balls Dark Chocolate 100g,$7.00,$7.00 / 100G,/shop/productdetails/183999/go-natural-macadamia-dream-balls-dark-chocolate
299280,Health Lab Low Sugar Mylk Chocolate Diamonds Hazelnut 150g,$12.00,$8.00 / 100G,/shop/productdetails/299280/health-lab-low-sugar-mylk-chocolate-diamonds-hazelnut
165854,Vogel's Vogels Immunity 400g,$7.20,$1.80 / 100G,/shop/productdetails/165854/vogel-s-vogels-immunity
185002,Go Natural Macadamia Dream Balls White Choc 100g,$7.00,$7.00 / 100G,/shop/productdetails/185002/go-natural-macadamia-dream-balls-white-choc
253942,Health Guru Cauliflower Puffs Salt & Vinegar 56g,$5.00,$8.93 / 100G,/shop/productdetails/253942/health-guru-cauliflower-puffs-salt-vinegar
291085,Health Lab Mini Mix Mylk Chocolate Bars 150g,$14.00,$9.33 / 100G,/shop/productdetails/291085/health-lab-mini-mix-mylk-chocolate-bars
244810,Atkins Endulge Bar Caramel Nut Chew 34g,$3.40,$10.00 / 100G,/shop/productdetails/244810/atkins-endulge-bar-caramel-nut-chew
1073779545,Dandies Vegan Vanilla Marshmallows Mini Size 283g,$11.96,$4.23 / 100G,/shop/productdetails/1073779545/dandies-vegan-vanilla-marshmallows-mini-size-283g
1073921153,Macro Pumpkin Kernels 250g Carton 6pk,$30.00,$20.00 / 1KG,/shop/productdetails/1073921153/macro-pumpkin-kernels-250g-carton-6pk
149644,No Ugly Focus Blackcurrant Wellness Tonic 250ml,$4.50,$18.00 / 1L,/shop/productdetails/149644/no-ugly-focus-blackcurrant-wellness-tonic
378444,Atkins Low Carb Endulge Bar Milk Chocolate Mint Crisp 30g,$3.40,$11.33 / 100G,/shop/productdetails/378444/atkins-low-carb-endulge-bar-milk-chocolate-mint-crisp
199053,Melrose Mct Oil Brain Power 250ml,$15.00,$6.00 / 100ML,/shop/productdetails/199053/melrose-mct-oil-brain-power
165862,Vogel's Vogels Gut Health 400g,$7.20,$1.80 / 100G,/shop/productdetails/165862/vogel-s-vogels-gut-health
172243,Fat Blaster Snack Bars Chocolate Crunch 5 Pack,$13.00,$2.60 / 1EA,/shop/productdetails/172243/fat-blaster-snack-bars-chocolate-crunch
224784,Fodmapped Roasted Pumpkin Spinach & Feta 500g,$7.50,$1.50 / 100G,/shop/productdetails/224784/fodmapped-roasted-pumpkin-spinach-feta
290259,Harvest Box Chickpea Chips Cheese Burger 5 Pack,$4.80,$3.84 / 100G,/shop/productdetails/290259/harvest-box-chickpea-chips-cheese-burger
1073817322,Atkins Low Carb Endulge Bar - Turkish Delight 15pc 30g,$52.00,$3.47 / 1EA,/shop/productdetails/1073817322/atkins-low-carb-endulge-bar-turkish-delight-15pc-30g
294841,Kez's Kitchen Mini Bites Caramel White Chocolate 125g,$7.00,$5.60 / 100G,/shop/productdetails/294841/kez-s-kitchen-mini-bites-caramel-white-chocolate
224614,Niulife Organic Bbq Coconut Amino Sauce Extra Thick 250ml,$8.50,$3.40 / 100ML,/shop/productdetails/224614/niulife-organic-bbq-coconut-amino-sauce-extra-thick
191519,No Ugly Libido 250ml,$4.50,$18.00 / 1L,/shop/productdetails/191519/no-ugly-libido
256621,The Man Bar Choc Mint 50g,$4.50,$9.00 / 100G,/shop/productdetails/256621/the-man-bar-choc-mint
224385,Fodmapped Minestrone Soup 500g,$7.10,$1.42 / 100G,/shop/productdetails/224385/fodmapped-minestrone-soup
231288,Fodbods Double Choc Bar 50g,$3.20,$6.40 / 100G,/shop/productdetails/231288/fodbods-double-choc-bar
294882,Kez's Kitchen Mini Bites Chocolate Brownie 125g,$7.00,$5.60 / 100G,/shop/productdetails/294882/kez-s-kitchen-mini-bites-chocolate-brownie
265577,"Vogel's Collagen Granola Almond, Raspberry, Cranberry 360g",$7.20,$2.00 / 100G,/shop/productdetails/265577/vogel-s-collagen-granola-almond-raspberry-cranberry
170919,Tom & Luke Dose & Co Collagen Bar Caramel 50g,$2.50,$5.00 / 100G,/shop/productdetails/170919/tom-luke-dose-co-collagen-bar-caramel
288083,I Am Grounded Caffeinated Energy Salted Caramel & Coffee Fruit Bar 45g,$4.00,$8.89 / 100G,/shop/productdetails/288083/i-am-grounded-caffeinated-energy-salted-caramel-coffee-fruit-bar
219679,Melrose High Strength Turmeric Superblend 120g,$30.00,$25.00 / 100G,/shop/productdetails/219679/melrose-high-strength-turmeric-superblend
1073779257,Pbco. Protein Banana Bread Plant Protein,$15.95,$26.58 / 100ML,/shop/productdetails/1073779257/pbco-protein-banana-bread-plant-protein
294559,Tom & Luke Snack Balls Zesty Lemon 374g,$12.00,$3.21 / 100G,/shop/productdetails/294559/tom-luke-snack-balls-zesty-lemon
1074025902,Atkins Sea Salt Caramel Crisp Low Carb High Protein Bars 15pc 37g,$44.00,$2.93 / 1EA,/shop/productdetails/1074025902/atkins-sea-salt-caramel-crisp-low-carb-high-protein-bars-15pc-37g
1073962256,Clif Energy Bar White Chocolate Macadamia Box 12 x 68g,$37.69,$4.62 / 100G,/shop/productdetails/1073962256/clif-energy-bar-white-chocolate-macadamia-box-12-x-68g
288916,I Am Grounded Caffeinated Energy Blueberry Macadamia & Coffee Fruit Bar 45g,$4.00,$8.89 / 100G,/shop/productdetails/288916/i-am-grounded-caffeinated-energy-blueberry-macadamia-coffee-fruit-bar
209032,Atkins Caramel Chocolate Nut Roll 5 Pack,$17.00,,/shop/productdetails/209032/atkins-caramel-chocolate-nut-roll
227932,Celebrity Slim Program 5 Day Assorted Pack Dairy Free Shake 40g X15 Pack,$20.00,$3.33 / 100G,/shop/productdetails/227932/celebrity-slim-program-5-day-assorted-pack-dairy-free-shake
289212,I Am Grounded Caffeinated Energy Cocoa Almond & Coffee Fruit Bar 45g,$4.00,$8.89 / 100G,/shop/productdetails/289212/i-am-grounded-caffeinated-energy-cocoa-almond-coffee-fruit-bar
288952,I Am Grounded Caffeinated Energy Espresso Peanut Butter & Fruit Bar 45g,$4.00,$8.89 / 100G,/shop/productdetails/288952/i-am-grounded-caffeinated-energy-espresso-peanut-butter-fruit-bar
1073962677,Musashi Milk Chocolate Brownie High Protein Bar Box 12 x 90g,$64.69,$5.99 / 100G,/shop/productdetails/1073962677/musashi-milk-chocolate-brownie-high-protein-bar-box-12-x-90g
289207,Well Naturally Collagen No Sugar Added Chocolate Bars 45g X 4 Pack,$15.00,$8.33 / 100G,/shop/productdetails/289207/well-naturally-collagen-no-sugar-added-chocolate-bars
289202,I Am Grounded Caffeinated Energy Lemon Coconut & Coffee Fruit Bar 45g,$4.00,$8.89 / 100G,/shop/productdetails/289202/i-am-grounded-caffeinated-energy-lemon-coconut-coffee-fruit-bar
1073962682,Musashi Vanilla Protein Wafer Box 12 x 40g,$43.09,$8.98 / 100G,/shop/productdetails/1073962682/musashi-vanilla-protein-wafer-box-12-x-40g
223751,Niulife Organic Naked Coconut Amino Sauce Extra Thick 250ml,$8.50,$3.40 / 100ML,/shop/productdetails/223751/niulife-organic-naked-coconut-amino-sauce-extra-thick
1074212674,SNAXX Keto Mini Pizza Base 4 Pack - Bundle x 2,$23.90,$11.95 / 1EA,/shop/productdetails/1074212674/snaxx-keto-mini-pizza-base-4-pack-bundle-x-2
378526,Atkins Day Break Bar Chocolate Chip Crisp 5x37g,$14.00,$7.57 / 100G,/shop/productdetails/378526/atkins-day-break-bar-chocolate-chip-crisp
701636,Atkins Endulge Cherry Coconut 34g,$15.00,$3.00 / 1EA,/shop/productdetails/701636/atkins-endulge-cherry-coconut
1073975728,Aussie Bodies Keto Wafer Cookies & Cream Box 12 x 35g,$43.09,$10.26 / 100G,/shop/productdetails/1073975728/aussie-bodies-keto-wafer-cookies-cream-box-12-x-35g
264654,Food For Health Digestive Restore Muesli 425g,$7.00,$1.65 / 100G,/shop/productdetails/264654/food-for-health-digestive-restore-muesli
296211,Health Lab Low Sugar Caramel Chocolate Diamonds Peanut Butter 150g,$12.00,$8.00 / 100G,/shop/productdetails/296211/health-lab-low-sugar-caramel-chocolate-diamonds-peanut-butter
1073797684,King Island Manuka Honey Mgo 514+ Gift Box 250g,$80.00,$80.00 / 1EA,/shop/productdetails/1073797684/king-island-manuka-honey-mgo-514-gift-box-250g
1074025755,Quest Protein Bar - Birthday Cake 12pc 60g,$57.00,$4.75 / 1EA,/shop/productdetails/1074025755/quest-protein-bar-birthday-cake-12pc-60g
1074212686,SNAXX Keto Fries 2 Pack - Bundle x 3,$22.95,$7.65 / 1EA,/shop/productdetails/1074212686/snaxx-keto-fries-2-pack-bundle-x-3
632957,Woolworths Peanuts Roasted In Shell 500g,N/A,N/A,/shop/productdetails/632957/woolworths-peanuts-roasted-in-shell
296338,Health Lab Low Sugar Mylk Chocolate Diamonds Peanut Butter 30g,$3.50,$11.67 / 100G,/shop/productdetails/296338/health-lab-low-sugar-mylk-chocolate-diamonds-peanut-butter
1073780248,My Organics Australian Organic Tamari Roasted Almonds 200g,$11.45,$11.45 / 1EA,/shop/productdetails/1073780248/my-organics-australian-organic-tamari-roasted-almonds-200g
148906,No Ugly Skin Juice 250ml,$4.50,$18.00 / 1L,/shop/productdetails/148906/no-ugly-skin-juice
1074212671,SNAXX Keto Pastry Mix 4 Pack - Bundle x 2,$23.90,$11.95 / 1EA,/shop/productdetails/1074212671/snaxx-keto-pastry-mix-4-pack-bundle-x-2
201963,The Mood Food Co Natural Wellbeing Bars Apple 5 Pack,$8.50,$6.80 / 100G,/shop/productdetails/201963/mood-food-the-mood-food-co-natural-wellbeing-bars-apple
1073817330,Atkins Low Carb Endulge Bar - Milk Chocolate 15pc 30g,$47.00,$3.13 / 1EA,/shop/productdetails/1073817330/atkins-low-carb-endulge-bar-milk-chocolate-15pc-30g
1073962254,Clif Energy Bar Chocolate Chip Box 68g x 12pack,$37.69,$4.62 / 100G,/shop/productdetails/1073962254/clif-energy-bar-chocolate-chip-box-68g-x-12pack
1073792386,Kialla Pure Organic Spelt Flour 700g,$11.99,$11.99 / 1EA,/shop/productdetails/1073792386/kialla-pure-organic-spelt-flour-700g
183135,Loving Earth Cream & Cookies Chocolate 45g,$5.50,$12.22 / 100G,/shop/productdetails/183135/loving-earth-cream-cookies-chocolate
1073918856,Macro Chia Black 350g x 6pk,$36.40,$17.33 / 1KG,/shop/productdetails/1073918856/macro-chia-black-350g-x-6pk
1073962680,Musashi Peanut Butter High Protein Bar Box 12 x 90g,$64.69,$5.99 / 100G,/shop/productdetails/1073962680/musashi-peanut-butter-high-protein-bar-box-12-x-90g
1073780027,Power Super Foods Lucuma Powder Cert Organic,$19.95,$10.78 / 100G,/shop/productdetails/1073780027/power-super-foods-lucuma-powder-cert-organic
1073962281,Vitawerx Protein Milk Chocolate Bar Box 12 x 35g,$59.40,$14.14 / 100G,/shop/productdetails/1073962281/vitawerx-protein-milk-chocolate-bar-box-12-x-35g
227784,Celebrity Slim Cheat Day Chocolate 7 Pack,$5.50,$7.86 / 100G,/shop/productdetails/227784/celebrity-slim-cheat-day-chocolate
219699,Fine Fettle Broc & Cauli Rice 50g,$7.00,$14.00 / 100G,/shop/productdetails/219699/fine-fettle-broc-cauli-rice
1073962683,Musashi Choc Mint Protein Crisp Bar Box 12 x 60g,$48.49,$6.73 / 100G,/shop/productdetails/1073962683/musashi-choc-mint-protein-crisp-bar-box-12-x-60g
1074025887,Atkins Low Carb Day Break Bar - Chocolate Chip 15pc 37g,$44.00,$2.93 / 1EA,/shop/productdetails/1074025887/atkins-low-carb-day-break-bar-chocolate-chip-15pc-37g
1073962280,Aussie Bodies Lo Sugar Bar Crunch Rocky Road 12 x 33g,$32.30,$8.16 / 100G,/shop/productdetails/1073962280/aussie-bodies-lo-sugar-bar-crunch-rocky-road-12-x-33g
1074212675,SNAXX Keto Chocolate Mousse 4 Pack - Bundle x 2,$23.90,$11.95 / 1EA,/shop/productdetails/1074212675/snaxx-keto-chocolate-mousse-4-pack-bundle-x-2
1074025804,Atkins Low Carb Endulge Bar - Caramel Nougat 15pc 35g,$48.00,$48.00 / 1EA,/shop/productdetails/1074025804/atkins-low-carb-endulge-bar-caramel-nougat-15pc-35g
1073927549,Koda Cocoa Berry Energy Bar Box 12pack,$37.60,$3.13 / 1EA,/shop/productdetails/1073927549/koda-cocoa-berry-energy-bar-box-12pack
1073923070,Macro Organic Natural Cashews 5pk Box 500g,$75.00,$3.00 / 100G,/shop/productdetails/1073923070/macro-organic-natural-cashews-5pk-box-500g
1073962679,Musashi Choc Peanut Protein Crisp Bar Box 12 x 60g,$48.49,$6.73 / 100G,/shop/productdetails/1073962679/musashi-choc-peanut-protein-crisp-bar-box-12-x-60g
229243,Naturopathica Fat Blaster Lo Carb Cookie Caramel 6 Pack,$14.00,$7.78 / 100G,/shop/productdetails/229243/naturopathica-fat-blaster-lo-carb-cookie-caramel
378529,Atkins Day Break Bar Cappuccino 5x37g,$14.00,$7.57 / 100G,/shop/productdetails/378529/atkins-day-break-bar-cappuccino
1073964014,Aussie Bodies Lo Sugar Bar Crunch Choc Peanut Box 12 x 33g,$32.29,$8.15 / 100G,/shop/productdetails/1073964014/aussie-bodies-lo-sugar-bar-crunch-choc-peanut-box-12-x-33g
1073962279,Aussie Bodies Lo Sugar Bar Crunch Honey Almond 12 x 33g,$32.30,$8.16 / 100G,/shop/productdetails/1073962279/aussie-bodies-lo-sugar-bar-crunch-honey-almond-12-x-33g
1073898430,BSc Body Science Collagen Protein Bar 60g Choc Coconut Box,$37.80,,/shop/productdetails/1073898430/bsc-body-science-collagen-protein-bar-60g-choc-coconut-box
1073962261,Clif Energy Bar Peanut Butter Banana Box 12 x 68g,$37.69,$4.62 / 100G,/shop/productdetails/1073962261/clif-energy-bar-peanut-butter-banana-box-12-x-68g
1073964073,JSHealth 45g Double Choc Chip Protein Bar Box 12 x 45g,$43.00,$7.96 / 100G,/shop/productdetails/1073964073/jshealth-45g-double-choc-chip-protein-bar-box-12-x-45g
1073944475,Keto Naturals Crispy Cauli Barbecue Bites 27g 2pack,$10.00,$18.52 / 100G,/shop/productdetails/1073944475/keto-naturals-crispy-cauli-barbecue-bites-27g-2pack
1073944476,Keto Naturals Crispy Cauli Garlic & Herb Bites 27g 2pack,$10.00,$18.52 / 100G,/shop/productdetails/1073944476/keto-naturals-crispy-cauli-garlic-herb-bites-27g-2pack
1073944504,Loving Earth Creamy Coconut Mylk Chocolate 80g 2pack,$12.95,$8.09 / 100G,/shop/productdetails/1073944504/loving-earth-creamy-coconut-mylk-chocolate-80g-2pack
1073962685,Musashi White Choc Berry Protein Cookie Box 12 x 58g,$48.49,$6.97 / 100G,/shop/productdetails/1073962685/musashi-white-choc-berry-protein-cookie-box-12-x-58g
1073780023,Power Super Foods Beetroot Powder - Origin Cert Organic,$39.95,$23.50 / 100G,/shop/productdetails/1073780023/power-super-foods-beetroot-powder-origin-cert-organic
1074212677,SNAXX Keto Custard Mix 4 Pack - Bundle x 2,$23.90,$11.95 / 1EA,/shop/productdetails/1074212677/snaxx-keto-custard-mix-4-pack-bundle-x-2
1074212690,SNAXX Keto Lemon Mini Cheesecakes - Bundle x 3,$24.95,$8.32 / 1EA,/shop/productdetails/1074212690/snaxx-keto-lemon-mini-cheesecakes-bundle-x-3
1073962283,Vitawerx Protein White Chocolate Bar Box 12 x 35g,$59.40,$14.14 / 100G,/shop/productdetails/1073962283/vitawerx-protein-white-chocolate-bar-box-12-x-35g
1074025764,Atkins Low Carb Endulge Bar - Milk Chocolate Mint 15pc 30g,$52.00,$3.47 / 1EA,/shop/productdetails/1074025764/atkins-low-carb-endulge-bar-milk-chocolate-mint-15pc-30g
1073962276,Aussie Bodies Lo Carb Bar Whipped Chocolate 4 x 30g,$10.00,$8.33 / 100G,/shop/productdetails/1073962276/aussie-bodies-lo-carb-bar-whipped-chocolate-4-x-30g
1073962278,Aussie Bodies Lo Carb Bar Whipped Mint Chocolate 4 x 30g,$10.00,$8.33 / 100G,/shop/productdetails/1073962278/aussie-bodies-lo-carb-bar-whipped-mint-chocolate-4-x-30g
201930,Blue Stripes Whole Cacao Choc Bar Hazelnut Butter 60g,$8.00,$13.33 / 100G,/shop/productdetails/201930/blue-stripes-whole-cacao-choc-bar-hazelnut-butter
1074032878,"New Choice Frugurt Yogurt Style Snacks 45 cups, 1.575kg",$31.49,$1.99 / 100G,/shop/productdetails/1074032878/new-choice-frugurt-yogurt-style-snacks-45-cups-1-575kg
68809,Nomo Fruit & Crunch Chocolate Bar 32g,$2.00,$6.25 / 100G,/shop/productdetails/68809/nomo-fruit-crunch-chocolate-bar
1074009881,Nu-Lax Bar Box 20 x 40g,$75.60,$9.45 / 100G,/shop/productdetails/1074009881/nu-lax-bar-box-20-x-40g
1073779829,Pbco. Protein Bread Mix,$15.95,$26.58 / 100ML,/shop/productdetails/1073779829/pbco-protein-bread-mix
1074212680,SNAXX Keto Cauli Mash 4 Pack - Bundle x 2,$23.90,$11.95 / 1EA,/shop/productdetails/1074212680/snaxx-keto-cauli-mash-4-pack-bundle-x-2
1073961403,Amazonia Raw Protein Bar Choc Chip Cookie Dough Box 10 x 40g,$54.00,$13.50 / 100G,/shop/productdetails/1073961403/amazonia-raw-protein-bar-choc-chip-cookie-dough-box-10-x-40g
1073964008,Amazonia Raw Protein Bar Triple Choc Brownie Box 10 x 40g,$54.00,$13.50 / 100G,/shop/productdetails/1073964008/amazonia-raw-protein-bar-triple-choc-brownie-box-10-x-40g
1074032804,Annies 100% Fruit Bars 24 Pack 480g,$42.75,$85.50 / 1KG,/shop/productdetails/1074032804/annies-100-fruit-bars-24-pack-480g
1074025870,Atkins Advantage Bar Low Carb - Chocolate Mint 15pc 60g,$73.95,$4.93 / 1EA,/shop/productdetails/1074025870/atkins-advantage-bar-low-carb-chocolate-mint-15pc-60g
1074025895,Atkins Low Carb Day Break Bar - Cappuccino Nut 15pc 37g,$45.00,$3.00 / 1EA,/shop/productdetails/1074025895/atkins-low-carb-day-break-bar-cappuccino-nut-15pc-37g
1074025900,Atkins Low Carb Day Break Bar - Hazelnut Crisp 15pc 37g,$44.00,$2.93 / 1EA,/shop/productdetails/1074025900/atkins-low-carb-day-break-bar-hazelnut-crisp-15pc-37g
1074025793,Atkins Low Carb Endulge Bar - Chocolate Coconut 15pc 40g,$51.00,$3.40 / 1EA,/shop/productdetails/1074025793/atkins-low-carb-endulge-bar-chocolate-coconut-15pc-40g
1074025846,Atkins Low Carb Endulge Bar - Chocolate Coconut 15pc 40g,$50.00,$3.33 / 1EA,/shop/productdetails/1074025846/atkins-low-carb-endulge-bar-chocolate-coconut-15pc-40g
1073964016,Aussie Bodies Keto Wafer Chocolate Hazelnut Box 12 x 35g,$43.09,$10.26 / 100G,/shop/productdetails/1073964016/aussie-bodies-keto-wafer-chocolate-hazelnut-box-12-x-35g
1073962274,Aussie Bodies Lo Carb Bar Salted Caramel Fudge 4 x 30g,$10.00,$8.33 / 100G,/shop/productdetails/1073962274/aussie-bodies-lo-carb-bar-salted-caramel-fudge-4-x-30g
202301,Blue Stripes Whole Cacao Dark Choc Bar Almond Butter 60g,N/A,N/A,/shop/productdetails/202301/blue-stripes-whole-cacao-dark-choc-bar-almond-butter
202139,Blue Stripes Whole Cacao Dark Chocolate Bar Cold Brew Coffee 60g,$8.00,$13.33 / 100G,/shop/productdetails/202139/blue-stripes-whole-cacao-dark-chocolate-bar-cold-brew-coffee
267141,Ceres Natural Kelp Salt 250g,$7.00,$2.80 / 100G,/shop/productdetails/267141/ceres-natural-kelp-salt
1073962260,Clif Energy Bar Chocolate Brownie Box 12 x 68g,$37.69,$4.62 / 100G,/shop/productdetails/1073962260/clif-energy-bar-chocolate-brownie-box-12-x-68g
1073962258,Clif Energy Bar Cool Mint Choc (49Mg Caffeine) Box 12 x 68g,$37.69,$4.62 / 100G,/shop/productdetails/1073962258/clif-energy-bar-cool-mint-choc-49mg-caffeine-box-12-x-68g
1073962255,Clif Energy Bar Crunchy Peanut Butter Box 12 x 68g,$37.69,$4.62 / 100G,/shop/productdetails/1073962255/clif-energy-bar-crunchy-peanut-butter-box-12-x-68g
265544,Connect Foods Keto Ground Coffee Coffee 200g,$16.00,$8.00 / 100G,/shop/productdetails/265544/connect-foods-keto-ground-coffee-coffee
112728,Dj&a Crispy Broccolli Florets Snack 45g,$6.00,,/shop/productdetails/112728/dj-a-crispy-broccolli-florets-snack
1073969276,Delicous Low Carb Chocolate Chip with Pecan & Orange Keto Cookies 100g,$12.50,$12.50 / 100G,/shop/productdetails/1073969276/delicous-low-carb-chocolate-chip-with-pecan-orange-keto-cookies-100g
1074046955,Eat For You The Hero Bar Chocolate and Orange Health Bites 30 Pieces/ 480g,$60.00,$12.50 / 100G,/shop/productdetails/1074046955/eat-for-you-the-hero-bar-chocolate-and-orange-health-bites-30-pieces-480g
221796,Fine Fettle Cauli Rice 50g,$7.00,$14.00 / 100G,/shop/productdetails/221796/fine-fettle-cauli-rice
1074324080,Garniche79 Dehydrated Lemon - Drink and Cake Decoration 60g,$29.95,$499.17 / 1KG,/shop/productdetails/1074324080/garniche79-dehydrated-lemon-drink-and-cake-decoration-60g
1074334488,Garniche79 Dehydrated Orange - Drink and Cake Decoration 80g,$29.95,$374.38 / 1KG,/shop/productdetails/1074334488/garniche79-dehydrated-orange-drink-and-cake-decoration-80g
1073780049,Gloriously Free Oat Flour 600g,$13.43,$26.86 / 1L,/shop/productdetails/1073780049/gloriously-free-oat-flour-600g
384905,Golden Palm Medjool Dates Whole 5kg,N/A,N/A,/shop/productdetails/384905/golden-palm-medjool-dates-whole
296336,Health Lab Low Sugar Mylk Chocolate Dipped Roasted Coffee Beans 110g,$12.00,$10.91 / 100G,/shop/productdetails/296336/health-lab-low-sugar-mylk-chocolate-dipped-roasted-coffee-beans
1073944477,Keto Naturals Crispy Cauli Sea Salted Bites 27g 2pack,$10.00,$18.52 / 100G,/shop/productdetails/1073944477/keto-naturals-crispy-cauli-sea-salted-bites-27g-2pack
1074077956,Locako Protein Brownie Balls Almond Butter Cookie Dough Box 10 x 30g,$28.00,$9.33 / 100G,/shop/productdetails/1074077956/locako-protein-brownie-balls-almond-butter-cookie-dough-box-10-x-30g
1073780468,Love Beauty Foods Wellness Tea - Immunity 90g,$24.95,$27.72 / 100G,/shop/productdetails/1073780468/love-beauty-foods-wellness-tea-immunity-90g
1073944501,Loving Earth Caramel Chocolate 80g 2pack,$12.95,$8.09 / 100G,/shop/productdetails/1073944501/loving-earth-caramel-chocolate-80g-2pack
1073920092,Macro Organic Brazilnuts 250g Carton 6pk,$66.00,$44.00 / 1KG,/shop/productdetails/1073920092/macro-organic-brazilnuts-250g-carton-6pk
1073972066,Morlife Monk Fruit Certified Organic Powder 100g,$28.95,$57.90 / 100ML,/shop/productdetails/1073972066/morlife-monk-fruit-certified-organic-powder-100g
1073780251,My Organics Pecans 150g,$11.95,$11.95 / 1EA,/shop/productdetails/1073780251/my-organics-pecans-150g
1073837660,Pbco Almond Meal Premium Australian 800g,$23.45,$23.45 / 1EA,/shop/productdetails/1073837660/pbco-almond-meal-premium-australian-800g
1073780026,Power Super Foods Crunchy Inca Golden berries Certified Organic,$20.95,$0.70 / 1EA,/shop/productdetails/1073780026/power-super-foods-crunchy-inca-golden-berries-certified-organic
1074212681,SNAXX Keto Notato Bake Mix 2 Pack - Bundle x 3,$22.95,$7.65 / 1EA,/shop/productdetails/1074212681/snaxx-keto-notato-bake-mix-2-pack-bundle-x-3
1073961574,Tea Gardens Probiotic Iced Tea Lemon Lime 800ml,$69.60,$3.63 / 1L,/shop/productdetails/1073961574/tea-gardens-probiotic-iced-tea-lemon-lime-800ml
1073961573,Tea Gardens Probiotic Iced Tea Mixed Flavours 800ml,$69.60,$3.63 / 1L,/shop/productdetails/1073961573/tea-gardens-probiotic-iced-tea-mixed-flavours-800ml
1073955607,The Carob Kitchen Carob Vegan Bar 2 x 80g,$13.90,$8.69 / 100G,/shop/productdetails/1073955607/the-carob-kitchen-carob-vegan-bar-2-x-80g
1074044213,Tropical Fields Dried Longan 397g,$29.99,$75.54 / 1KG,/shop/productdetails/1074044213/tropical-fields-dried-longan-397g
1074034727,Ahoy Nuts Pecan Nut 200g X 4Pack,$41.99,$10.50 / 1EA,/shop/productdetails/1074034727/ahoy-nuts-pecan-nut-200g-x-4pack
1074325943,At Health Australia Chocolate Caramel Fudge Brownie Bar Box 12 x 40g,$59.88,$12.48 / 100G,/shop/productdetails/1074325943/at-health-australia-chocolate-caramel-fudge-brownie-bar-box-12-x-40g
1074325944,At Health Australia White Chocolate Cashew & Macadamia Bar Box 12 x 40g,$59.88,$12.48 / 100G,/shop/productdetails/1074325944/at-health-australia-white-chocolate-cashew-macadamia-bar-box-12-x-40g
1074173150,BSc Body Science High Protein Low Carb Mousse Bar Passionfruit Cheesecake Box 55g x 12pack,$37.80,$5.73 / 100G,/shop/productdetails/1074173150/bsc-body-science-high-protein-low-carb-mousse-bar-passionfruit-cheesecake-box-55g-x-12pack
1074193102,CleanFit Plant Protein Bar Apple Pie Box 12 x 50g,$48.00,$8.00 / 100G,/shop/productdetails/1074193102/cleanfit-plant-protein-bar-apple-pie-box-12-x-50g
1074194114,CleanFit Plant Protein Bar Chocolate Brownie Box 12 x 50g,$48.00,$8.00 / 100G,/shop/productdetails/1074194114/cleanfit-plant-protein-bar-chocolate-brownie-box-12-x-50g
1074193103,CleanFit Plant Protein Bar Peanut Caramel 50G Box,$48.00,$8.00 / 100G,/shop/productdetails/1074193103/cleanfit-plant-protein-bar-peanut-caramel-50g-box
1074164587,Clif Nut Butter Bar Chocolate & Hazelnut Butter Box 12 x 50g,$47.88,$7.98 / 100G,/shop/productdetails/1074164587/clif-nut-butter-bar-chocolate-hazelnut-butter-box-12-x-50g
1074164588,Clif Nut Butter Bar Chocolate & Peanut Butter Box 50g x 12pack,$47.88,$7.98 / 100G,/shop/productdetails/1074164588/clif-nut-butter-bar-chocolate-peanut-butter-box-50g-x-12pack
1074164589,Clif Nut Butter Bar Peanut Butter Box 12 x 50g,$47.88,$7.98 / 100G,/shop/productdetails/1074164589/clif-nut-butter-bar-peanut-butter-box-12-x-50g
1074047000,Eat For You Lemme Feel Well Lemon and Ginger Health Bars 12 Pack/50g each,$59.40,$9.90 / 100G,/shop/productdetails/1074047000/eat-for-you-lemme-feel-well-lemon-and-ginger-health-bars-12-pack-50g-each
1074323109,Garniche79 Dehydrated Strawberry Petals - Drink and Cake Decoration 30g,$31.95,"$1,065.00 / 1KG",/shop/productdetails/1074323109/garniche79-dehydrated-strawberry-petals-drink-and-cake-decoration-30g
1074179255,Greenback Plant Protein Bar Choc Mint Box 12 x 50g,$54.00,$9.00 / 100G,/shop/productdetails/1074179255/greenback-plant-protein-bar-choc-mint-box-12-x-50g
1074174794,Greenback Plant Protein Bar Hazelnut Box 12 x 50g,$54.00,$9.00 / 100G,/shop/productdetails/1074174794/greenback-plant-protein-bar-hazelnut-box-12-x-50g
1074174796,Greenback Plant Protein Bar Peanut Butter Box 12 x 50g,$54.00,$9.00 / 100G,/shop/productdetails/1074174796/greenback-plant-protein-bar-peanut-butter-box-12-x-50g
1074174795,Greenback Plant Protein Bar Salted Caramel Box 12 x 50g,$54.00,$9.00 / 100G,/shop/productdetails/1074174795/greenback-plant-protein-bar-salted-caramel-box-12-x-50g
1074321858,Musashi Deluxe Protein Bar Choc Caramel Brownie Box 12 x 60g,$48.49,$6.73 / 100G,/shop/productdetails/1074321858/musashi-deluxe-protein-bar-choc-caramel-brownie-box-12-x-60g
1074321859,Musashi Protein Crisp Choc Coconut Box 12 x 60g,$48.49,$6.73 / 100G,/shop/productdetails/1074321859/musashi-protein-crisp-choc-coconut-box-12-x-60g
1074276665,My Muscle Chef Low Carb Bar Honeycomb Box 12 x 50g,$47.40,$7.90 / 100G,/shop/productdetails/1074276665/my-muscle-chef-low-carb-bar-honeycomb-box-12-x-50g
1074276664,My Muscle Chef Low Carb Bar Salted Caramel Box 12 x 50g,$47.40,$7.90 / 100G,/shop/productdetails/1074276664/my-muscle-chef-low-carb-bar-salted-caramel-box-12-x-50g
1074276642,My Muscle Chef Protein Bite Hazelnut Crisp Box 12 x 37g,$35.40,$7.97 / 100G,/shop/productdetails/1074276642/my-muscle-chef-protein-bite-hazelnut-crisp-box-12-x-37g
1074371561,SNAXX Keto Choc Protein Balls 4 Pack - Bundle x 2,$23.90,$11.95 / 1EA,/shop/productdetails/1074371561/snaxx-keto-choc-protein-balls-4-pack-bundle-x-2
1074212688,SNAXX Keto Savoury Muffin 2 Pack - Bundle x 3,$22.95,$7.65 / 1EA,/shop/productdetails/1074212688/snaxx-keto-savoury-muffin-2-pack-bundle-x-3
1073961575,Tea Gardens Probiotic Iced Tea Peach 800ml,$69.60,$3.63 / 1L,/shop/productdetails/1073961575/tea-gardens-probiotic-iced-tea-peach-800ml
304194,Temole Cauliflower Chips Oven Baked Snacks Barbecue 50g,N/A,N/A,/shop/productdetails/304194/temole-cauliflower-chips-oven-baked-snacks-barbecue
304016,Temole Cauliflower Chips Oven Baked Snacks Original 50g,N/A,N/A,/shop/productdetails/304016/temole-cauliflower-chips-oven-baked-snacks-original
304015,Temole Veggie Waves Oven Baked Snacks Balsamic Vinegar 100g,N/A,N/A,/shop/productdetails/304015/temole-veggie-waves-oven-baked-snacks-balsamic-vinegar
303957,Temole Veggie Waves Oven Baked Snacks Cheese 100g,N/A,N/A,/shop/productdetails/303957/temole-veggie-waves-oven-baked-snacks-cheese
299548,Temole Veggie Waves Oven Baked Snacks Sea Salt 100g,N/A,N/A,/shop/productdetails/299548/temole-veggie-waves-oven-baked-snacks-sea-salt
